<?xml version='1.0' encoding='UTF-8'?>
<Document xmlns="urn:iso:std:iso:20022:tech:xsd:camt.053.001.04">
    <BkToCstmrStmt>
        <GrpHdr>
            <MsgId>2514988305.2019-02-13</MsgId>
            <CreDtTm>2019-02-13T15:27:15.66+02:00</CreDtTm>
        </GrpHdr>
        <Stmt>
            <Id>2514988305.2019-02-13</Id>
            <CreDtTm>2019-02-13T15:27:15.66+02:00</CreDtTm>
            <Acct>
                <Id>
                    <IBAN></IBAN>
                    <Othr>
                        <Id>112233</Id>
                    </Othr>
                </Id>
            </Acct>
            <Bal>
                <Tp>
                    <CdOrPrtry>
                        <Cd>OPBD</Cd>
                    </CdOrPrtry>
                </Tp>
                <Amt Ccy="USD">1000.00</Amt>
                <CdtDbtInd>CRDT</CdtDbtInd>
                <Dt>
                    <Dt>2019-02-12</Dt>
                </Dt>
            </Bal>
            <Bal>
                <Tp>
                    <CdOrPrtry>
                        <Cd>CLBD</Cd>
                    </CdOrPrtry>
                </Tp>
                <Amt Ccy="USD">2672.98</Amt>
                <CdtDbtInd>CRDT</CdtDbtInd>
                <Dt>
                    <Dt>2019-02-13</Dt>
                </Dt>
            </Bal>
            <Ntry>
                <Amt Ccy="USD">1672.98</Amt>
                <CdtDbtInd>CRDT</CdtDbtInd>
                <Sts>BOOK</Sts>
                <BkTxCd>
                    <Prtry>
                        <Cd>ABCD</Cd>
                    </Prtry>
                </BkTxCd>
                <NtryDtls>
                    <TxDtls>
                        <AmtDtls>
                            <TxAmt>
                                <Amt Ccy="USD">1672.98</Amt>
                                <CcyXchg>
                                    <SrcCcy>CAD</SrcCcy>
                                    <XchgRate>1.4595</XchgRate>
                                </CcyXchg>
                            </TxAmt>
                            <CntrValAmt>
                                <Amt Ccy="USD">1639.98</Amt>
                            </CntrValAmt>
                        </AmtDtls>
                    </TxDtls>
                </NtryDtls>
            </Ntry>
        </Stmt>
    </BkToCstmrStmt>
</Document>
