<AuditFile xmlns="https://www.vmi.lt/cms/saf-t">
    <Header>
        <AuditFileVersion>2.01</AuditFileVersion>
        <AuditFileCountry>LT</AuditFileCountry>
        <AuditFileDateCreated>___ignore___</AuditFileDateCreated>
        <SoftwareCompanyName>___ignore___</SoftwareCompanyName>
        <SoftwareID>___ignore___</SoftwareID>
        <SoftwareVersion>___ignore___</SoftwareVersion>
        <Company>
            <RegistrationNumber>123456</RegistrationNumber>
            <Name>company_1_data</Name>
            <Address>
                <City>Vilnius</City>
                <PostalCode>LT-01000</PostalCode>
                <Country>LT</Country>
                <AddressType>BA</AddressType>
            </Address>
            <Contact>
                <ContactPerson>
                    <FirstName>___ignore___</FirstName>
                    <LastName>___ignore___</LastName>
                </ContactPerson>
                <Telephone>___ignore___</Telephone>
            </Contact>
            <TaxRegistration>
                <TaxRegistrationNumber>LT949170611</TaxRegistrationNumber>
                <TaxType>PVM</TaxType>
            </TaxRegistration>
        </Company>
        <DefaultCurrencyCode>EUR</DefaultCurrencyCode>
        <SelectionCriteria>
            <SelectionStartDate>2021-01-01</SelectionStartDate>
            <SelectionEndDate>2021-12-31</SelectionEndDate>
            <PeriodStart>2021-01-01</PeriodStart>
            <PeriodEnd>2021-12-31</PeriodEnd>
        </SelectionCriteria>
        <TaxAccountingBasis>K</TaxAccountingBasis>
        <FiscalYearFrom>2021-01-01</FiscalYearFrom>
        <FiscalYearTo>2021-12-31</FiscalYearTo>
        <Entity>COMPANY</Entity>
        <DataType>GL</DataType>
        <NumberOfParts>1</NumberOfParts>
        <PartNumber>1</PartNumber>
    </Header>
    <MasterFiles>
        <GeneralLedgerAccounts>
            <Account>
                <AccountID>___ignore___</AccountID>
                <AccountDescription>Value of Debts from Customers</AccountDescription>
                <AccountTableID>___ignore___</AccountTableID>
                <AccountTableDescription>Value of Debts from Customers</AccountTableDescription>
                <AccountType>TT</AccountType>
                <OpeningDebitBalance>0.00</OpeningDebitBalance>
                <ClosingDebitBalance>6050.00</ClosingDebitBalance>
            </Account>
            <Account>
                <AccountID>___ignore___</AccountID>
                <AccountDescription>Receivable Value-Added Tax</AccountDescription>
                <AccountTableID>___ignore___</AccountTableID>
                <AccountTableDescription>Receivable Value-Added Tax</AccountTableDescription>
                <AccountType>TT</AccountType>
                <OpeningDebitBalance>0.00</OpeningDebitBalance>
                <ClosingDebitBalance>1680.00</ClosingDebitBalance>
            </Account>
            <Account>
                <AccountID>___ignore___</AccountID>
                <AccountDescription>Debts to Suppliers for Goods and Services (copy)</AccountDescription>
                <AccountTableID>___ignore___</AccountTableID>
                <AccountTableDescription>Debts to Suppliers for Goods and Services (copy)</AccountTableDescription>
                <AccountType>I</AccountType>
                <OpeningDebitBalance>0.00</OpeningDebitBalance>
                <ClosingCreditBalance>9680.00</ClosingCreditBalance>
            </Account>
            <Account>
                <AccountID>___ignore___</AccountID>
                <AccountDescription>Payable Value-Added Tax</AccountDescription>
                <AccountTableID>___ignore___</AccountTableID>
                <AccountTableDescription>Payable Value-Added Tax</AccountTableDescription>
                <AccountType>I</AccountType>
                <OpeningDebitBalance>0.00</OpeningDebitBalance>
                <ClosingCreditBalance>1050.00</ClosingCreditBalance>
            </Account>
            <Account>
                <AccountID>___ignore___</AccountID>
                <AccountDescription>Income from Goods Sold</AccountDescription>
                <AccountTableID>___ignore___</AccountTableID>
                <AccountTableDescription>Income from Goods Sold</AccountTableDescription>
                <AccountType>P</AccountType>
                <OpeningDebitBalance>0.00</OpeningDebitBalance>
                <ClosingCreditBalance>5000.00</ClosingCreditBalance>
            </Account>
            <Account>
                <AccountID>___ignore___</AccountID>
                <AccountDescription>Cost of Services and Goods Advertising</AccountDescription>
                <AccountTableID>___ignore___</AccountTableID>
                <AccountTableDescription>Cost of Services and Goods Advertising</AccountTableDescription>
                <AccountType>S</AccountType>
                <OpeningDebitBalance>0.00</OpeningDebitBalance>
                <ClosingDebitBalance>8000.00</ClosingDebitBalance>
            </Account>
        </GeneralLedgerAccounts>
        <Customers>
            <Customer>
                <Name>company_1_data</Name>
                <Address>
                    <City>Vilnius</City>
                    <PostalCode>LT-01000</PostalCode>
                    <Country>LT</Country>
                    <AddressType>BA</AddressType>
                </Address>
                <Contact>
                    <ContactPerson>
                        <FirstName>NotUsed</FirstName>
                        <LastName>Mr Big CEO</LastName>
                    </ContactPerson>
                    <Telephone>+370 11 11 12 34</Telephone>
                </Contact>
                <TaxRegistration>
                    <TaxRegistrationNumber>LT949170611</TaxRegistrationNumber>
                    <TaxType>PVM</TaxType>
                </TaxRegistration>
                <CustomerID>___ignore___</CustomerID>
                <SelfBillingIndicator>V</SelfBillingIndicator>
                <Accounts>
                    <AccountID>___ignore___</AccountID>
                    <OpeningDebitBalance>0.00</OpeningDebitBalance>
                    <ClosingDebitBalance>3630.00</ClosingDebitBalance>
                </Accounts>
            </Customer>
            <Customer>
                <Name>partner_a</Name>
                <Address>
                    <City>Garnich</City>
                    <PostalCode>L-8353</PostalCode>
                    <Country>LU</Country>
                    <AddressType>BA</AddressType>
                </Address>
                <Contact>
                    <ContactPerson>
                        <FirstName>NotUsed</FirstName>
                        <LastName>partner_a</LastName>
                    </ContactPerson>
                    <Telephone>+352 24 11 11 11</Telephone>
                </Contact>
                <CustomerID>___ignore___</CustomerID>
                <SelfBillingIndicator></SelfBillingIndicator>
                <Accounts>
                    <AccountID>___ignore___</AccountID>
                    <OpeningDebitBalance>0.00</OpeningDebitBalance>
                    <ClosingDebitBalance>2420.00</ClosingDebitBalance>
                </Accounts>
            </Customer>
        </Customers>
        <Suppliers>
            <Supplier>
                <Name>partner_b</Name>
                <Address>
                    <City>Garnich</City>
                    <PostalCode>L-8353</PostalCode>
                    <Country>LU</Country>
                    <AddressType>BA</AddressType>
                </Address>
                <Contact>
                    <ContactPerson>
                        <FirstName>NotUsed</FirstName>
                        <LastName>partner_b</LastName>
                    </ContactPerson>
                    <Telephone>+352 24 11 11 11</Telephone>
                </Contact>
                <SupplierID>___ignore___</SupplierID>
                <SelfBillingIndicator></SelfBillingIndicator>
                <Accounts>
                    <AccountID>___ignore___</AccountID>
                    <OpeningDebitBalance>0.00</OpeningDebitBalance>
                    <ClosingCreditBalance>9680.00</ClosingCreditBalance>
                </Accounts>
            </Supplier>
        </Suppliers>
        <TaxTable>
            <TaxTableEntry>
                <TaxType>sale</TaxType>
                <Description>21%</Description>
                <TaxCodeDetails>
                    <TaxCodeDetail>
                        <TaxCode>___ignore___</TaxCode>
                        <Description>21%</Description>
                        <TaxPercentage>21.0</TaxPercentage>
                        <Country>LT</Country>
                    </TaxCodeDetail>
                </TaxCodeDetails>
            </TaxTableEntry>
            <TaxTableEntry>
                <TaxType>purchase</TaxType>
                <Description>21%</Description>
                <TaxCodeDetails>
                    <TaxCodeDetail>
                        <TaxCode>___ignore___</TaxCode>
                        <Description>21%</Description>
                        <TaxPercentage>21.0</TaxPercentage>
                        <Country>LT</Country>
                    </TaxCodeDetail>
                </TaxCodeDetails>
            </TaxTableEntry>
        </TaxTable>
        <Owners>
            <Owner>
                <OwnerID>123456</OwnerID>
                <OwnerName>company_1_data</OwnerName>
                <AccountID>___ignore___</AccountID>
                <Address>
                    <City>Vilnius</City>
                    <PostalCode>LT-01000</PostalCode>
                    <Country>LT</Country>
                    <AddressType>BA</AddressType>
                </Address>
            </Owner>
        </Owners>
    </MasterFiles>
    <GeneralLedgerEntries>
        <NumberOfEntries>4</NumberOfEntries>
        <TotalDebit>22990.00</TotalDebit>
        <TotalCredit>22990.00</TotalCredit>
        <Journals>
            <Journal>
                <JournalID>___ignore___</JournalID>
                <Description>Customer Invoices</Description>
                <Type>sale</Type>
                <Transactions>
                    <Transaction>
                        <TransactionID>___ignore___</TransactionID>
                        <Period>01</Period>
                        <PeriodYear>2021</PeriodYear>
                        <TransactionDate>2021-01-01</TransactionDate>
                        <Description>___ignore___</Description>
                        <SystemEntryDate>___ignore___</SystemEntryDate>
                        <GLPostingDate>2021-01-01</GLPostingDate>
                        <CustomerID>___ignore___</CustomerID>
                        <Lines>
                            <Line>
                                <RecordID>___ignore___</RecordID>
                                <AccountID>___ignore___</AccountID>
                                <SourceDocumentID>___ignore___</SourceDocumentID>
                                <CustomerID>___ignore___</CustomerID>
                                <Description>___ignore___</Description>
                                <CreditAmount>
                                    <Amount>5000.00</Amount>
                                </CreditAmount>
                                <TaxInformations>
                                    <TaxInformation>
                                        <TaxCode>___ignore___</TaxCode>
                                        <TaxPercentage>21.0</TaxPercentage>
                                        <TaxBaseDescription>21%</TaxBaseDescription>
                                        <TaxAmount>
                                            <Amount>1050.00</Amount>
                                        </TaxAmount>
                                    </TaxInformation>
                                </TaxInformations>
                            </Line>
                            <Line>
                                <RecordID>___ignore___</RecordID>
                                <AccountID>___ignore___</AccountID>
                                <SourceDocumentID>___ignore___</SourceDocumentID>
                                <CustomerID>___ignore___</CustomerID>
                                <Description>___ignore___</Description>
                                <CreditAmount>
                                    <Amount>1050.00</Amount>
                                </CreditAmount>
                            </Line>
                            <Line>
                                <RecordID>___ignore___</RecordID>
                                <AccountID>___ignore___</AccountID>
                                <SourceDocumentID>___ignore___</SourceDocumentID>
                                <CustomerID>___ignore___</CustomerID>
                                <Description>___ignore___</Description>
                                <DebitAmount>
                                    <Amount>6050.00</Amount>
                                </DebitAmount>
                            </Line>
                        </Lines>
                    </Transaction>
                    <Transaction>
                        <TransactionID>___ignore___</TransactionID>
                        <Period>03</Period>
                        <PeriodYear>2021</PeriodYear>
                        <TransactionDate>2021-03-01</TransactionDate>
                        <Description>___ignore___</Description>
                        <SystemEntryDate>___ignore___</SystemEntryDate>
                        <GLPostingDate>2021-03-01</GLPostingDate>
                        <CustomerID>___ignore___</CustomerID>
                        <Lines>
                            <Line>
                                <RecordID>___ignore___</RecordID>
                                <AccountID>___ignore___</AccountID>
                                <SourceDocumentID>___ignore___</SourceDocumentID>
                                <CustomerID>___ignore___</CustomerID>
                                <Description>___ignore___</Description>
                                <CreditAmount>
                                    <Amount>3000.00</Amount>
                                </CreditAmount>
                                <TaxInformations>
                                    <TaxInformation>
                                        <TaxCode>___ignore___</TaxCode>
                                        <TaxPercentage>21.0</TaxPercentage>
                                        <TaxBaseDescription>21%</TaxBaseDescription>
                                        <TaxAmount>
                                            <Amount>630.00</Amount>
                                        </TaxAmount>
                                    </TaxInformation>
                                </TaxInformations>
                            </Line>
                            <Line>
                                <RecordID>___ignore___</RecordID>
                                <AccountID>___ignore___</AccountID>
                                <SourceDocumentID>___ignore___</SourceDocumentID>
                                <CustomerID>___ignore___</CustomerID>
                                <Description>___ignore___</Description>
                                <CreditAmount>
                                    <Amount>630.00</Amount>
                                </CreditAmount>
                            </Line>
                            <Line>
                                <RecordID>___ignore___</RecordID>
                                <AccountID>___ignore___</AccountID>
                                <SourceDocumentID>___ignore___</SourceDocumentID>
                                <CustomerID>___ignore___</CustomerID>
                                <Description>___ignore___</Description>
                                <DebitAmount>
                                    <Amount>3630.00</Amount>
                                </DebitAmount>
                            </Line>
                        </Lines>
                    </Transaction>
                    <Transaction>
                        <TransactionID>___ignore___</TransactionID>
                        <Period>03</Period>
                        <PeriodYear>2021</PeriodYear>
                        <TransactionDate>2021-03-01</TransactionDate>
                        <Description>___ignore___</Description>
                        <SystemEntryDate>___ignore___</SystemEntryDate>
                        <GLPostingDate>2021-03-01</GLPostingDate>
                        <CustomerID>___ignore___</CustomerID>
                        <Lines>
                            <Line>
                                <RecordID>___ignore___</RecordID>
                                <AccountID>___ignore___</AccountID>
                                <SourceDocumentID>___ignore___</SourceDocumentID>
                                <CustomerID>___ignore___</CustomerID>
                                <Description>___ignore___</Description>
                                <DebitAmount>
                                    <Amount>3000.00</Amount>
                                </DebitAmount>
                                <TaxInformations>
                                    <TaxInformation>
                                        <TaxCode>___ignore___</TaxCode>
                                        <TaxPercentage>21.0</TaxPercentage>
                                        <TaxBaseDescription>21%</TaxBaseDescription>
                                        <TaxAmount>
                                            <Amount>630.00</Amount>
                                        </TaxAmount>
                                    </TaxInformation>
                                </TaxInformations>
                            </Line>
                            <Line>
                                <RecordID>___ignore___</RecordID>
                                <AccountID>___ignore___</AccountID>
                                <SourceDocumentID>___ignore___</SourceDocumentID>
                                <CustomerID>___ignore___</CustomerID>
                                <Description>___ignore___</Description>
                                <DebitAmount>
                                    <Amount>630.00</Amount>
                                </DebitAmount>
                            </Line>
                            <Line>
                                <RecordID>___ignore___</RecordID>
                                <AccountID>___ignore___</AccountID>
                                <SourceDocumentID>___ignore___</SourceDocumentID>
                                <CustomerID>___ignore___</CustomerID>
                                <Description>___ignore___</Description>
                                <CreditAmount>
                                    <Amount>3630.00</Amount>
                                </CreditAmount>
                            </Line>
                        </Lines>
                    </Transaction>
                </Transactions>
            </Journal>
            <Journal>
                <JournalID>___ignore___</JournalID>
                <Description>Vendor Bills</Description>
                <Type>purchase</Type>
                <Transactions>
                    <Transaction>
                        <TransactionID>___ignore___</TransactionID>
                        <Period>06</Period>
                        <PeriodYear>2021</PeriodYear>
                        <TransactionDate>2021-06-30</TransactionDate>
                        <Description>___ignore___</Description>
                        <SystemEntryDate>___ignore___</SystemEntryDate>
                        <GLPostingDate>2021-06-30</GLPostingDate>
                        <SupplierID>___ignore___</SupplierID>
                        <Lines>
                            <Line>
                                <RecordID>___ignore___</RecordID>
                                <AccountID>___ignore___</AccountID>
                                <SourceDocumentID>___ignore___</SourceDocumentID>
                                <SupplierID>___ignore___</SupplierID>
                                <Description>___ignore___</Description>
                                <DebitAmount>
                                    <Amount>8000.00</Amount>
                                </DebitAmount>
                                <TaxInformations>
                                    <TaxInformation>
                                        <TaxCode>___ignore___</TaxCode>
                                        <TaxPercentage>21.0</TaxPercentage>
                                        <TaxBaseDescription>21%</TaxBaseDescription>
                                        <TaxAmount>
                                            <Amount>1680.00</Amount>
                                        </TaxAmount>
                                    </TaxInformation>
                                </TaxInformations>
                            </Line>
                            <Line>
                                <RecordID>___ignore___</RecordID>
                                <AccountID>___ignore___</AccountID>
                                <SourceDocumentID>___ignore___</SourceDocumentID>
                                <SupplierID>___ignore___</SupplierID>
                                <Description>___ignore___</Description>
                                <DebitAmount>
                                    <Amount>1680.00</Amount>
                                </DebitAmount>
                            </Line>
                            <Line>
                                <RecordID>___ignore___</RecordID>
                                <AccountID>___ignore___</AccountID>
                                <SourceDocumentID>___ignore___</SourceDocumentID>
                                <SupplierID>___ignore___</SupplierID>
                                <Description>___ignore___</Description>
                                <CreditAmount>
                                    <Amount>9680.00</Amount>
                                </CreditAmount>
                            </Line>
                        </Lines>
                    </Transaction>
                </Transactions>
            </Journal>
        </Journals>
    </GeneralLedgerEntries>
</AuditFile>
