<?xml version='1.0' encoding='UTF-8'?>
<Document xmlns="urn:iso:std:iso:20022:tech:xsd:camt.053.001.04">
  <BkToCstmrStmt>
    <GrpHdr>
      <MsgId>2514988305.2019-02-13</MsgId>
      <CreDtTm>2019-02-13T15:27:15.66+02:00</CreDtTm>
    </GrpHdr>
    <Stmt>
      <Id>2514988305.2019-02-13</Id>
      <CreDtTm>2019-02-13T15:27:15.66+02:00</CreDtTm>
      <Acct>
        <Id>
          <IBAN></IBAN>
          <Othr>
            <Id>112233</Id>
          </Othr>
        </Id>
      </Acct>
      <Bal>
        <Tp>
          <CdOrPrtry>
            <Cd>OPBD</Cd>
          </CdOrPrtry>
        </Tp>
        <Amt Ccy="USD">100000.00</Amt>
        <CdtDbtInd>CRDT</CdtDbtInd>
        <Dt>
          <Dt>2019-02-12</Dt>
        </Dt>
      </Bal>
      <Bal>
        <Tp>
          <CdOrPrtry>
            <Cd>CLBD</Cd>
          </CdOrPrtry>
        </Tp>
        <Amt Ccy="USD">150000.00</Amt>
        <CdtDbtInd>CRDT</CdtDbtInd>
        <Dt>
          <Dt>2019-02-13</Dt>
        </Dt>
      </Bal>
      <Ntry>
        <Amt Ccy="USD">50000.00</Amt>
        <CdtDbtInd>CRDT</CdtDbtInd>
        <Sts>BOOK</Sts>
        <BkTxCd>
          <Prtry>
            <Cd>ABCD</Cd>
          </Prtry>
        </BkTxCd>
        <AmtDtls>
            <TxAmt>
              <Amt Ccy="EUR">47824.94</Amt>
              <CcyXchg>
                <SrcCcy>USD</SrcCcy>
                <TrgtCcy>EUR</TrgtCcy>
                <XchgRate>1.0455</XchgRate>
              </CcyXchg>
            </TxAmt>
          </AmtDtls>
        <NtryDtls>
          <Btch>
            <NbOfTxs>3</NbOfTxs>
          </Btch>
          <TxDtls>
            <AmtDtls>
              <TxAmt>
                <Amt Ccy="EUR">9564.99</Amt>
              </TxAmt>
            </AmtDtls>
            <RmtInf>
              <Ustrd>label01</Ustrd>
            </RmtInf>
          </TxDtls>
          <TxDtls>
            <AmtDtls>
              <TxAmt>
                <Amt Ccy="EUR">14347.48</Amt>
              </TxAmt>
            </AmtDtls>
            <RmtInf>
              <Ustrd>label02</Ustrd>
            </RmtInf>
          </TxDtls>
          <TxDtls>
            <AmtDtls>
              <TxAmt>
                <Amt Ccy="EUR">23912.47</Amt>
              </TxAmt>
            </AmtDtls>
            <RmtInf>
              <Ustrd>label03</Ustrd>
            </RmtInf>
          </TxDtls>
        </NtryDtls>
      </Ntry>
    </Stmt>
  </BkToCstmrStmt>
</Document>
