<?xml version="1.0" encoding="UTF-8"?>
<Document xmlns='urn:iso:std:iso:20022:tech:xsd:camt.053.001.02' xmlns:xsi='http://www.w3.org/2001/XMLSchema-instance'>
  <BkToCstmrStmt>
    <GrpHdr>
      <MsgId>0574908765.2015-12-05</MsgId>
      <CreDtTm>2015-12-05T10:55:08.66+02:00</CreDtTm>
      <MsgPgntn>
        <PgNb>1</PgNb>
        <LastPgInd>true</LastPgInd>
      </MsgPgntn>
    </GrpHdr>
    <Stmt>
      <Id>0574908765.2015-12-05</Id>
      <ElctrncSeqNb>0070</ElctrncSeqNb>
      <CreDtTm>2015-12-05T10:55:08.66+02:00</CreDtTm>
      <Acct>
        <Id>
          <IBAN></IBAN>
          <Othr>
            <Id>123456</Id>
          </Othr>
        </Id>
        <Nm>Norbert Brant</Nm>
        <Svcr>
          <FinInstnId>
            <BIC>ABNANL2A</BIC>
          </FinInstnId>
        </Svcr>
      </Acct>
      <Bal>
        <Tp>
          <CdOrPrtry>
            <Cd>OPBD</Cd>
          </CdOrPrtry>
        </Tp>
        <Amt Ccy="USD">8998.20</Amt>
        <CdtDbtInd>CRDT</CdtDbtInd>
        <Dt>
          <Dt>2015-12-05</Dt>
        </Dt>
      </Bal>
      <Bal>
        <Tp>
          <CdOrPrtry>
            <Cd>CLAV</Cd>
          </CdOrPrtry>
        </Tp>
        <Amt Ccy="USD">2661.49</Amt>
        <CdtDbtInd>CRDT</CdtDbtInd>
        <Dt>
          <Dt>2015-12-05</Dt>
        </Dt>
      </Bal>
      <Ntry>
        <Amt Ccy="USD">7379.54</Amt>
        <CdtDbtInd>DBIT</CdtDbtInd>
        <Sts>BOOK</Sts>
        <BookgDt>
          <Dt>2015-12-01</Dt>
        </BookgDt>
        <ValDt>
          <Dt>2015-12-01</Dt>
        </ValDt>
        <BkTxCd>
          <Domn>
            <Cd>PMNT</Cd>
            <Fmly>
              <Cd>RDDT</Cd>
              <SubFmlyCd>ESDD</SubFmlyCd>
            </Fmly>
          </Domn>
          <Prtry>
            <Cd>EI</Cd>
          </Prtry>
        </BkTxCd>
        <NtryDtls>
          <TxDtls>
            <Refs>
              <InstrId>INNDNL2U20141231000142300002844</InstrId>
              <EndToEndId>435005714488-ABNO33052620</EndToEndId>
              <MndtId>1880000341866</MndtId>
            </Refs>
            <AmtDtls>
              <TxAmt>
                <Amt Ccy="USD">7379.54</Amt>
              </TxAmt>
            </AmtDtls>
            <RltdPties>
              <Cdtr>
                <Nm>ASUSTeK</Nm>
                <PstlAdr>
                  <StrtNm>TEST STREET 20</StrtNm>
                  <TwnNm>1234 AB TESTCITY</TwnNm>
                  <Ctry>NL</Ctry>
                </PstlAdr>
              </Cdtr>
              <CdtrAcct>
                <Id>
                  <IBAN>NL46ABNA0499998748</IBAN>
                </Id>
              </CdtrAcct>
            </RltdPties>
            <RltdAgts>
              <CdtrAgt>
                <FinInstnId>
                  <BIC>ABNANL2A</BIC>
                </FinInstnId>
              </CdtrAgt>
            </RltdAgts>
            <RmtInf>
              <Ustrd>BILL 2015 0002</Ustrd>
            </RmtInf>
            <AddtlTxInf>MKB 859239PERIOD 31.12.2015</AddtlTxInf>
          </TxDtls>
        </NtryDtls>
      </Ntry>
      <Ntry>
        <Amt Ccy="USD">564.05</Amt>
        <CdtDbtInd>DBIT</CdtDbtInd>
        <RvslInd>true</RvslInd>
        <Sts>BOOK</Sts>
        <BookgDt>
          <Dt>2015-11-29</Dt>
        </BookgDt>
        <ValDt>
          <Dt>2015-11-29</Dt>
        </ValDt>
        <BkTxCd>
          <Domn>
            <Cd>PMNT</Cd>
            <Fmly>
              <Cd>IDDT</Cd>
              <SubFmlyCd>UPDD</SubFmlyCd>
            </Fmly>
          </Domn>
          <Prtry>
            <Cd>EIST</Cd>
          </Prtry>
        </BkTxCd>
        <NtryDtls>
          <TxDtls>
            <Refs>
              <InstrId>TESTBANK/NL/20151129/01206408</InstrId>
              <EndToEndId>TESTBANK/NL/20151129/01206408</EndToEndId>
              <MndtId>NL22ZZZ524885430000-C0125.1</MndtId>
            </Refs>
            <AmtDtls>
              <TxAmt>
                <Amt Ccy="USD">564.05</Amt>
              </TxAmt>
            </AmtDtls>
            <RltdPties>
              <Cdtr>
                <Nm>China Export</Nm>
                <PstlAdr>
                  <Ctry>NL</Ctry>
                </PstlAdr>
              </Cdtr>
              <CdtrAcct>
                <Id>
                  <Othr>
                    <Id>10987654323</Id>
                  </Othr>
                </Id>
              </CdtrAcct>
            </RltdPties>
            <RltdAgts>
              <CdtrAgt>
                <FinInstnId>
                  <BIC>ABNANL2A</BIC>
                </FinInstnId>
              </CdtrAgt>
            </RltdAgts>
            <RmtInf>
              <Ustrd>Direct Debit S14 0410</Ustrd>
            </RmtInf>
            <RtrInf>
              <Rsn>
                <Cd>AC06</Cd>
              </Rsn>
            </RtrInf>
            <AddtlTxInf>Direct debit S14 0410 AC07 Rek.nummer blokkade TESTBANK/NL/20141229/01206408</AddtlTxInf>
          </TxDtls>
        </NtryDtls>
      </Ntry>
      <Ntry>
        <Amt Ccy="USD">1636.88</Amt>
        <CdtDbtInd>CRDT</CdtDbtInd>
        <Sts>BOOK</Sts>
        <BookgDt>
          <Dt>2015-01-05</Dt>
        </BookgDt>
        <ValDt>
          <Dt>2015-01-05</Dt>
        </ValDt>
        <BkTxCd>
          <Domn>
            <Cd>PMNT</Cd>
            <Fmly>
              <Cd>RCDT</Cd>
              <SubFmlyCd>ESCT</SubFmlyCd>
            </Fmly>
          </Domn>
          <Prtry>
            <Cd>ET</Cd>
          </Prtry>
        </BkTxCd>
        <NtryDtls>
          <TxDtls>
            <Refs>
              <InstrId>INNDNL2U20150105000217200000708</InstrId>
              <EndToEndId>115</EndToEndId>
            </Refs>
            <AmtDtls>
              <TxAmt>
                <Amt Ccy="USD">1636.88</Amt>
              </TxAmt>
            </AmtDtls>
            <RltdPties>
              <Dbtr>
                <Nm>Norbert Brant</Nm>
                <PstlAdr>
                  <StrtNm>SOMESTREET 570-A</StrtNm>
                  <TwnNm>1276 ML HOUSCITY</TwnNm>
                  <Ctry>NL</Ctry>
                </PstlAdr>
              </Dbtr>
              <DbtrAcct>
                <Id>
                  <Othr>
                    <Id>BE93999574162167</Id>
                  </Othr>
                </Id>
              </DbtrAcct>
            </RltdPties>
            <RltdAgts>
              <DbtrAgt>
                <FinInstnId>
                  <BIC>ABNANL2A</BIC>
                </FinInstnId>
              </DbtrAgt>
            </RltdAgts>
            <AddtlTxInf>#RD INV/2015/0002 INV/2015/0003</AddtlTxInf>
          </TxDtls>
        </NtryDtls>
      </Ntry>
    </Stmt>
  </BkToCstmrStmt>
</Document>
