0000011011172505        00178299  DE MEYER LUC              KREDBEBB   00820512013 00000                                       2
12135BE33737018595246                  EUR0000000011812700270710NOVIAT NV                 KBC-Business Comfortrekening       003
2100010000OL44483FW SCTOFBIONLO1000000000435000110111001010000MEDEDELING                                           11011113501 0
2200010000                                                                                        GKCCBEBB                   1 0
2300010000BE41063012345610                     PARTNER 1                                                                     0 1
3100010001OL44483FW SCTOFBIONLO001010001001PARTNER 1                                                                         0 0
2100020000OL4414AC8BOVSOVSOVERS0000000003044450110111001500001101240283842818                                      11011113501 0
2200020000                                                                                        BBRUBEBB                   1 0
2300020000BE61310126985517                     PARTNER 2                                                                     0 1
3100020001OL4414AC8BOVSOVSOVERS001500001001PARTNER 2                                                                         1 0
3200020001MOLENSTRAAT 60                     9340    LEDE                                                                    0 0
2100030000AFECA0BIS IKLINNINBIS1000000000479040110111313410000              KBC-INVESTERINGSKREDIET 737-6543210-21 11011113510 0
2100030001AFECA0BIS IKLINNINBIS1000000000419920110111813410660                                                     11011113500 0
2100030002AFECA0BIS IKLINNINBIS1000000000059120110111813410020                                                     11011113510 0
2100040000AFECA0CVA IKLINNINNIG1000000000479040110111313410000              KBC-INVESTERINGSKREDIET 737-6543210-21 11011113510 0
2100040001AFECA0CVA IKLINNINNIG1000000000419920110111813410660                                                     11011113500 0
2100040002AFECA0CVA IKLINNINNIG1000000000059120110111813410020                                                     11011113510 0
2100050000AOGM00160BSCTOBOGOVER0000000000063740110111001500000TERUGGAVE 37232481 8400083296 .                      11011113501 0
2200050000                                                     362/363                            KREDBEBB                   1 0
2300050000BE43730004200601                     KBC VERZEKERINGEN NV                                                          0 1
2100170000JTTG00309 BHKDGLDOUBO1000000002795690070225241010000                                                     07022503011 0
2200170000                                                     1738765600.07438                                              0 0
2100170001JSUAA0AAAIUBOSHATRFCS1000000001718480070225741010000GD250380000044                                       07022503021 0
2200170001                                                     1738765600.074386141237            ABNANL2A                   1 0
2300170001BE61310126985517                     PARTNER 2                                                                     0 1
3100170002JSUAA0AAAIUBOSHATRFCS741010001001PARTNER 2                                                                         1 0
3200170002MOLENSTRAAT 60                     9340    LEDE                                                                    0 1
3100170003JSUAA0AAAIUBOSHATRFCS741010001002PARTNER 2                                                                         0 1
3100170004JSUAA0AAAIUBOSHATRFCS741010001004PARTNER 2                                                                         0 0
2100170005JSUAA0AAAIUBOSHATRFCS1000000001718480070225941011001105000000001718480000000001766800000102811500USD     07022503021 0
2200170005         000000001718480                             1738765600.074386141237            ABNANL2A                   1 0
2300170005BE61310126985517                                                                                                   0 0
2100170006JSUAA0AACIUBOSHATRFCS1000000001077210070225741010000GD250380000044                                       07022503021 0
2200170006                                                     1738765600.074386141240            HBUKGB4B                   1 0
2300170006BE61310126985517                     PARTNER 2                                                                     0 1
3100170007JSUAA0AACIUBOSHATRFCS741010001001PARTNER 2                                                                         1 0
3200170007MOLENSTRAAT 60                     9340    LEDE                                                                    0 1
3100170008JSUAA0AACIUBOSHATRFCS741010001002236536892                                                                         0 1
3100170009JSUAA0AACIUBOSHATRFCS741010001004PARTNER 2                                                                         0 0
2100170010JSUAA0AACIUBOSHATRFCS1000000001077210070225941011001105000000001077210000000001107500000102811500USD     07022503011 0
2200170010         000000001077210                             1738765600.074386141240            HBUKGB4B                   1 0
2300170010BE61310126985517                                                                                                   0 0
2100240000JZPC00412 BHKDGLDOBBK1000000000009680070225241370000                                                     07022503010 0
2100240001JZLEA0AABKUBOKOSDIVKS10000000000096800702257413700001983756643.95654 AC123456789123                      07022503021 0
2200240001                                                     1738765600.07438                                              0 0
2100240002JZLEA0AABKUBOKOSDIVKS1000000000008000070225941370130                                                     07022503001 0
2200240002                                                     1738765600.07438                                              0 0
2100240003JZLEA0AABKUBOKOSDIVKS10000000000016800702259413701111060000000000016800000000000080000021000000002000000007022503011 0
220024000300001680                                             1738765600.07438                                              0 0
8030BE47437006086180                  EUR0000000028715790070225                                                                0
3100050001AOGM00160BSCTOBOGOVER001500001001KBC VERZEKERINGEN NV                                                              1 0
3200050001MOLENSTRAAT 60                     9340    LEDE                                                                    0 0
8135BE44734024486445                  EUR0000000010722440110111                                                                0
9               000022000000001393080000000003108190                                                                           2
