0000006060712505   00000CPH CODA  TINY                      0047747270100477472701 00000                                       1
1 049126201326907 EUR0BE                  0000000015632900050607TINY                      COMPTE COURANT ORDINAIRE           049
2100010000                     0000000001150000060607001500000INVOICE OF 2006-12-19                                0606070020100
2200010000                                                                               EUR000000001150000                  100
2300010000301915554082                         PROLIBRE SARL             CAROUGE GE                                          000
2100020000                     0000000000500000060607001500000CONTRACT PARTNER ERREUR ECART      YEA               0606070030100
2200020000RTY CONTRACT PARTNER                                                           EUR000000000500000                  100
2300020000050000000017                         SEDNACOM                  43 ALLEE DES FOUGERES     9522 0 HERBLAY            000
8049126201326907                         0000000017282900060607                                                                 
9               000008000000000000000000000001650000                                                                           2
