<?xml version='1.0' encoding='utf-8'?>
<Document xmlns="urn:iso:std:iso:20022:tech:xsd:pain.001.001.03" xmlns:xsi="http://www.w3.org/2001/XMLSchema-instance">
  <CstmrCdtTrfInitn>
    <GrpHdr>
      <MsgId>12345</MsgId>
      <CreDtTm>2024-03-04T08:21:16</CreDtTm>
      <NbOfTxs>1</NbOfTxs>
      <CtrlSum>500.00</CtrlSum>
      <InitgPty>
        <Id>
          <OrgId>
            <Othr>
              <Id>0123456789</Id>
              <SchmeNm>
                <Cd>BANK</Cd>
              </SchmeNm>
            </Othr>
          </OrgId>
        </Id>
      </InitgPty>
    </GrpHdr>
    <PmtInf>
      <PmtInfId>1709540476.798265401</PmtInfId>
      <PmtMtd>TRF</PmtMtd>
      <BtchBookg>true</BtchBookg>
      <NbOfTxs>1</NbOfTxs>
      <CtrlSum>500.00</CtrlSum>
      <PmtTpInf>
        <SvcLvl>
          <Cd>NURG</Cd>
        </SvcLvl>
        <CtgyPurp>
          <Cd>SUPP</Cd>
        </CtgyPurp>
      </PmtTpInf>
      <ReqdExctnDt>2024-03-04</ReqdExctnDt>
      <Dbtr>
        <Nm>Grunnings</Nm>
        <PstlAdr>
          <Ctry>SE</Ctry>
        </PstlAdr>
        <Id>
          <OrgId>
            <Othr>
              <Id>0123456789</Id>
              <SchmeNm>
                <Cd>CUST</Cd>
              </SchmeNm>
            </Othr>
          </OrgId>
        </Id>
      </Dbtr>
      <DbtrAcct>
        <Id>
          <IBAN>SE7335536296831513338982</IBAN>
        </Id>
        <Ccy>SEK</Ccy>
      </DbtrAcct>
      <DbtrAgt>
        <FinInstnId>
          <BIC>SWEDSESSXXX</BIC>
        </FinInstnId>
      </DbtrAgt>
      <ChrgBr>SHAR</ChrgBr>
      <CdtTrfTxInf>
        <PmtId>
          <InstrId>5-SCT-BNK1-2024-03-04</InstrId>
          <EndToEndId>1709565642.64888074015</EndToEndId>
        </PmtId>
        <Amt>
          <InstdAmt Ccy="SEK">500.00</InstdAmt>
        </Amt>
        <CdtrAgt>
          <FinInstnId>
            <ClrSysMmbId>
              <ClrSysId>
                <Cd>SESBA</Cd>
              </ClrSysId>
              <MmbId>9500</MmbId>
            </ClrSysMmbId>
          </FinInstnId>
        </CdtrAgt>
        <Cdtr>
          <Nm>Nordea Customer</Nm>
          <PstlAdr>
            <Ctry>SE</Ctry>
          </PstlAdr>
        </Cdtr>
        <CdtrAcct>
          <Id>
            <Othr>
              <Id>6543219</Id>
              <SchmeNm>
                <Cd>BBAN</Cd>
              </SchmeNm>
            </Othr>
          </Id>
        </CdtrAcct>
        <RmtInf>
          <Ustrd>123</Ustrd>
        </RmtInf>
      </CdtTrfTxInf>
    </PmtInf>
  </CstmrCdtTrfInitn>
</Document>
