 <JPK xmlns="http://jpk.mf.gov.pl/wzor/2022/02/17/02171/" xmlns:etd="http://crd.gov.pl/xml/schematy/dziedzinowe/mf/2018/08/24/eD/DefinicjeTypy/">
    <Naglowek>
        <KodFormularza kodSystemowy="JPK_FA (4)" wersjaSchemy="1-0">JPK_FA</KodFormularza>
        <WariantFormularza>4</WariantFormularza>
        <CelZlozenia>1</CelZlozenia>
        <DataWytworzeniaJPK>2025-02-10</DataWytworzeniaJPK>
        <DataOd>2025-01-01</DataOd>
        <DataDo>2025-01-31</DataDo>
        <KodUrzedu>0206</KodUrzedu>
    </Naglowek>
    <Podmiot1>
        <IdentyfikatorPodmiotu>
            <NIP>1234567883</NIP>
            <PelnaNazwa>Polish Company</PelnaNazwa>
        </IdentyfikatorPodmiotu>
        <AdresPodmiotu>
            <etd:KodKraju>PL</etd:KodKraju>
            <etd:Wojewodztwo>mazowieckie</etd:Wojewodztwo>
            <etd:Powiat>Warsow</etd:Powiat>
            <etd:Gmina>Warsow</etd:Gmina>
            <etd:Ulica>ul. Marszałkowska</etd:Ulica>
            <etd:NrDomu>123</etd:NrDomu>
            <etd:NrLokalu></etd:NrLokalu>
            <etd:Miejscowosc>Warsow</etd:Miejscowosc>
            <etd:KodPocztowy>01-857</etd:KodPocztowy>
        </AdresPodmiotu>
    </Podmiot1>
    <Faktura>
        <KodWaluty>PLN</KodWaluty>
        <P_1>2025-01-01</P_1>
        <P_2A>INV/2025/00001</P_2A>
        <P_3A>Jan Kowalski</P_3A>
        <P_3B>ul. Nowowiejska 12, 00-150 Warszawa, Poland</P_3B>
        <P_3C>Polish Company</P_3C>
        <P_3D>ul. Marszałkowska 123, 01-857 Warsow, mazowieckie, Poland</P_3D>
        <P_4B>1234567883</P_4B>
        <P_13_1>200.0</P_13_1>
        <P_14_1>46.0</P_14_1>
        <P_13_2>0.0</P_13_2>
        <P_14_2>0.0</P_14_2>
        <P_13_3>0.0</P_13_3>
        <P_14_3>0.0</P_14_3>
        <P_13_4>0.0</P_13_4>
        <P_14_4>0.0</P_14_4>
        <P_13_6>0.0</P_13_6>
        <P_15>246.0</P_15>
        <P_16>false</P_16>
        <P_17>false</P_17>
        <P_18>false</P_18>
        <P_18A>false</P_18A>
        <P_19>false</P_19>
        <P_19A>false</P_19A>
        <P_19B>false</P_19B>
        <P_19C>false</P_19C>
        <P_20>false</P_20>
        <P_20A>false</P_20A>
        <P_20B>false</P_20B>
        <P_21>false</P_21>
        <P_21A>false</P_21A>
        <P_21B>false</P_21B>
        <P_21C>false</P_21C>
        <P_22>false</P_22>
        <P_23>false</P_23>
        <P_106E_2>false</P_106E_2>
        <P_106E_3>false</P_106E_3>
        <P_106E_3A>false</P_106E_3A>
        <RodzajFaktury>VAT</RodzajFaktury>
    </Faktura>
     <Faktura>
        <KodWaluty>EUR</KodWaluty>
        <P_1>2025-01-02</P_1>
        <P_2A>INV/2025/00002</P_2A>
        <P_3A>John Doe</P_3A>
        <P_3B>Rue de la Loi, 20, 1000 Bruxelles, Belgium</P_3B>
        <P_3C>Polish Company</P_3C>
        <P_3D>ul. Marszałkowska 123, 01-857 Warsow, mazowieckie, Poland</P_3D>
        <P_4B>1234567883</P_4B>
        <P_13_1>150.0</P_13_1>
        <P_14_1>34.5</P_14_1>
        <P_14_1W>40.59</P_14_1W>
        <P_13_2>0.0</P_13_2>
        <P_14_2>0.0</P_14_2>
        <P_14_2W>0.0</P_14_2W>
        <P_13_3>0.0</P_13_3>
        <P_14_3>0.0</P_14_3>
        <P_14_3W>0.0</P_14_3W>
        <P_13_4>0.0</P_13_4>
        <P_14_4>0.0</P_14_4>
        <P_13_6>0.0</P_13_6>
        <P_15>184.5</P_15>
         <P_16>false</P_16>
        <P_17>false</P_17>
        <P_18>false</P_18>
        <P_18A>false</P_18A>
        <P_19>false</P_19>
        <P_19A>false</P_19A>
        <P_19B>false</P_19B>
        <P_19C>false</P_19C>
        <P_20>false</P_20>
        <P_20A>false</P_20A>
        <P_20B>false</P_20B>
        <P_21>false</P_21>
        <P_21A>false</P_21A>
        <P_21B>false</P_21B>
        <P_21C>false</P_21C>
        <P_22>false</P_22>
        <P_23>false</P_23>
        <P_106E_2>false</P_106E_2>
        <P_106E_3>false</P_106E_3>
        <P_106E_3A>false</P_106E_3A>
        <RodzajFaktury>VAT</RodzajFaktury>
    </Faktura>
    <Faktura>
        <KodWaluty>PLN</KodWaluty>
        <P_1>2025-01-15</P_1>
        <P_2A>INV/2025/00004</P_2A>
        <P_3A>Jan Kowalski</P_3A>
        <P_3B>ul. Nowowiejska 12, 00-150 Warszawa, Poland</P_3B>
        <P_3C>Polish Company</P_3C>
        <P_3D>ul. Marszałkowska 123, 01-857 Warsow, mazowieckie, Poland</P_3D>
        <P_4B>1234567883</P_4B>
        <P_13_1>3000.0</P_13_1>
        <P_14_1>690.0</P_14_1>
        <P_13_2>40.0</P_13_2>
        <P_14_2>3.2</P_14_2>
        <P_13_3>0.0</P_13_3>
        <P_14_3>0.0</P_14_3>
        <P_13_4>0.0</P_13_4>
        <P_14_4>0.0</P_14_4>
        <P_13_6>0.0</P_13_6>
        <P_15>3733.2</P_15>
        <P_16>false</P_16>
        <P_17>false</P_17>
        <P_18>false</P_18>
        <P_18A>false</P_18A>
        <P_19>false</P_19>
        <P_19A>false</P_19A>
        <P_19B>false</P_19B>
        <P_19C>false</P_19C>
        <P_20>false</P_20>
        <P_20A>false</P_20A>
        <P_20B>false</P_20B>
        <P_21>false</P_21>
        <P_21A>false</P_21A>
        <P_21B>false</P_21B>
        <P_21C>false</P_21C>
        <P_22>false</P_22>
        <P_23>false</P_23>
        <P_106E_2>false</P_106E_2>
        <P_106E_3>false</P_106E_3>
        <P_106E_3A>false</P_106E_3A>
        <RodzajFaktury>VAT</RodzajFaktury>
    </Faktura>
    <Faktura>
        <KodWaluty>PLN</KodWaluty>
        <P_1>2025-01-25</P_1>
        <P_2A>INV/2025/00005</P_2A>
        <P_3A>Jan Kowalski</P_3A>
        <P_3B>ul. Nowowiejska 12, 00-150 Warszawa, Poland</P_3B>
        <P_3C>Polish Company</P_3C>
        <P_3D>ul. Marszałkowska 123, 01-857 Warsow, mazowieckie, Poland</P_3D>
        <P_4B>1234567883</P_4B>
        <P_13_1>200.0</P_13_1>
        <P_14_1>46.0</P_14_1>
        <P_13_2>0.0</P_13_2>
        <P_14_2>0.0</P_14_2>
        <P_13_3>0.0</P_13_3>
        <P_14_3>0.0</P_14_3>
        <P_13_4>0.0</P_13_4>
        <P_14_4>0.0</P_14_4>
        <P_13_6>0.0</P_13_6>
        <P_15>246.0</P_15>
        <P_16>false</P_16>
        <P_17>false</P_17>
        <P_18>false</P_18>
        <P_18A>false</P_18A>
        <P_19>false</P_19>
        <P_19A>false</P_19A>
        <P_19B>false</P_19B>
        <P_19C>false</P_19C>
        <P_20>false</P_20>
        <P_20A>false</P_20A>
        <P_20B>false</P_20B>
        <P_21>false</P_21>
        <P_21A>false</P_21A>
        <P_21B>false</P_21B>
        <P_21C>false</P_21C>
        <P_22>false</P_22>
        <P_23>false</P_23>
        <P_106E_2>false</P_106E_2>
        <P_106E_3>false</P_106E_3>
        <P_106E_3A>false</P_106E_3A>
        <RodzajFaktury>VAT</RodzajFaktury>
    </Faktura>
    <Faktura>
        <KodWaluty>PLN</KodWaluty>
        <P_1>2025-01-30</P_1>
        <P_2A>RINV/2025/00001</P_2A>
        <P_3A>Jan Kowalski</P_3A>
        <P_3B>ul. Nowowiejska 12, 00-150 Warszawa, Poland</P_3B>
        <P_3C>Polish Company</P_3C>
        <P_3D>ul. Marszałkowska 123, 01-857 Warsow, mazowieckie, Poland</P_3D>
        <P_4B>1234567883</P_4B>
        <P_13_1>-200.0</P_13_1>
        <P_14_1>-46.0</P_14_1>
        <P_13_2>0.0</P_13_2>
        <P_14_2>0.0</P_14_2>
        <P_13_3>0.0</P_13_3>
        <P_14_3>0.0</P_14_3>
        <P_13_4>0.0</P_13_4>
        <P_14_4>0.0</P_14_4>
        <P_13_6>0.0</P_13_6>
        <P_15>-246.0</P_15>
        <P_16>false</P_16>
        <P_17>false</P_17>
        <P_18>false</P_18>
        <P_18A>false</P_18A>
        <P_19>false</P_19>
        <P_19A>false</P_19A>
        <P_19B>false</P_19B>
        <P_19C>false</P_19C>
        <P_20>false</P_20>
        <P_20A>false</P_20A>
        <P_20B>false</P_20B>
        <P_21>false</P_21>
        <P_21A>false</P_21A>
        <P_21B>false</P_21B>
        <P_21C>false</P_21C>
        <P_22>false</P_22>
        <P_23>false</P_23>
        <P_106E_2>false</P_106E_2>
        <P_106E_3>false</P_106E_3>
        <P_106E_3A>false</P_106E_3A>
        <RodzajFaktury>KOREKTA</RodzajFaktury>
        <NrFaKorygowanej>INV/2025/00005</NrFaKorygowanej>
    </Faktura>
     <Faktura>
        <KodWaluty>PLN</KodWaluty>
        <P_1>2025-01-31</P_1>
        <P_2A>INV/2025/00006</P_2A>
        <P_3A>Jan Kowalski</P_3A>
        <P_3B>ul. Nowowiejska 12, 00-150 Warszawa, Poland</P_3B>
        <P_3C>Polish Company</P_3C>
        <P_3D>ul. Marszałkowska 123, 01-857 Warsow, mazowieckie, Poland</P_3D>
        <P_4B>1234567883</P_4B>
        <P_13_1>0.0</P_13_1>
        <P_14_1>0.0</P_14_1>
        <P_13_2>0.0</P_13_2>
        <P_14_2>0.0</P_14_2>
        <P_13_3>0.0</P_13_3>
        <P_14_3>0.0</P_14_3>
        <P_13_4>0.0</P_13_4>
        <P_14_4>0.0</P_14_4>
        <P_13_6>100.0</P_13_6>
        <P_15>100.0</P_15>
        <P_16>false</P_16>
        <P_17>false</P_17>
        <P_18>false</P_18>
        <P_18A>false</P_18A>
        <P_19>false</P_19>
        <P_19A>false</P_19A>
        <P_19B>false</P_19B>
        <P_19C>false</P_19C>
        <P_20>false</P_20>
        <P_20A>false</P_20A>
        <P_20B>false</P_20B>
        <P_21>false</P_21>
        <P_21A>false</P_21A>
        <P_21B>false</P_21B>
        <P_21C>false</P_21C>
        <P_22>false</P_22>
        <P_23>false</P_23>
        <P_106E_2>false</P_106E_2>
        <P_106E_3>false</P_106E_3>
        <P_106E_3A>false</P_106E_3A>
        <RodzajFaktury>VAT</RodzajFaktury>
    </Faktura>
    <FakturaCtrl>
        <LiczbaFaktur>6</LiczbaFaktur>
        <WartoscFaktur>4263.7</WartoscFaktur>
    </FakturaCtrl>
    <FakturaWiersz>
        <P_2B>INV/2025/00001</P_2B>
        <P_7>product_b</P_7>
        <P_8B>10.0</P_8B>
        <P_9A>20.0</P_9A>
        <P_10>0.0</P_10>
        <P_11>200.0</P_11>
        <P_11A>246.0</P_11A>
        <P_12>23</P_12>
    </FakturaWiersz>
    <FakturaWiersz>
        <P_2B>INV/2025/00002</P_2B>
        <P_7>product_a</P_7>
        <P_8B>1.0</P_8B>
        <P_9A>150.0</P_9A>
        <P_10>0.0</P_10>
        <P_11>150.0</P_11>
        <P_11A>184.5</P_11A>
        <P_12>23</P_12>
    </FakturaWiersz>
    <FakturaWiersz>
        <P_2B>INV/2025/00004</P_2B>
        <P_7>product_a</P_7>
        <P_8B>4.0</P_8B>
        <P_9A>750.0</P_9A>
        <P_10>0.0</P_10>
        <P_11>3000.0</P_11>
        <P_11A>3690.0</P_11A>
        <P_12>23</P_12>
    </FakturaWiersz>
    <FakturaWiersz>
        <P_2B>INV/2025/00004</P_2B>
        <P_7>product_b</P_7>
        <P_8B>2.0</P_8B>
        <P_9A>20.0</P_9A>
        <P_10>0.0</P_10>
        <P_11>40.0</P_11>
        <P_11A>43.2</P_11A>
        <P_12>8</P_12>
    </FakturaWiersz>
    <FakturaWiersz>
        <P_2B>INV/2025/00005</P_2B>
        <P_7>product_b</P_7>
        <P_8B>10.0</P_8B>
        <P_9A>20.0</P_9A>
        <P_10>0.0</P_10>
        <P_11>200.0</P_11>
        <P_11A>246.0</P_11A>
        <P_12>23</P_12>
    </FakturaWiersz>
    <FakturaWiersz>
        <P_2B>RINV/2025/00001</P_2B>
        <P_7>product_b</P_7>
        <P_8B>10.0</P_8B>
        <P_9A>20.0</P_9A>
        <P_10>0.0</P_10>
        <P_11>200.0</P_11>
        <P_11A>246.0</P_11A>
        <P_12>23</P_12>
    </FakturaWiersz>
     <FakturaWiersz>
        <P_2B>INV/2025/00006</P_2B>
        <P_7>product_a</P_7>
        <P_8B>1.0</P_8B>
        <P_9A>100.0</P_9A>
        <P_10>0.0</P_10>
        <P_11>100.0</P_11>
        <P_11A>100.0</P_11A>
        <P_12>0</P_12>
    </FakturaWiersz>
    <FakturaWierszCtrl>
        <LiczbaWierszyFaktur>7</LiczbaWierszyFaktur>
        <WartoscWierszyFaktur>4263.7</WartoscWierszyFaktur>
    </FakturaWierszCtrl>
</JPK>
