<AuditFile xmlns="mfp:anaf:dgti:d406:declaratie:v1">
    <Header>
        <AuditFileVersion>2.4.8</AuditFileVersion>
        <AuditFileCountry>RO</AuditFileCountry>
        <AuditFileDateCreated>___ignore___</AuditFileDateCreated>
        <SoftwareCompanyName>Odoo SA</SoftwareCompanyName>
        <SoftwareID>Odoo</SoftwareID>
        <SoftwareVersion>___ignore___</SoftwareVersion>
        <Company>
            <RegistrationNumber>RO1234567897</RegistrationNumber>
            <Name>Romanian Company</Name>
            <Address>
                <City>Bucharest</City>
                <PostalCode>010001</PostalCode>
                <Country>RO</Country>
            </Address>
            <Contact>
                <ContactPerson>
                    <FirstName>Mr Big</FirstName>
                    <LastName>CEO</LastName>
                </ContactPerson>
                <Telephone>+40 723545000</Telephone>
            </Contact>
            <TaxRegistration>
                <TaxRegistrationNumber>RO1234567897</TaxRegistrationNumber>
            </TaxRegistration>
            <BankAccount>
                <BankAccountNumber>RO08429863697813</BankAccountNumber>
                <BankAccountName>Romanian Banking United</BankAccountName>
            </BankAccount>
        </Company>
        <DefaultCurrencyCode>RON</DefaultCurrencyCode>
        <SelectionCriteria>
            <SelectionStartDate>2023-10-01</SelectionStartDate>
            <SelectionEndDate>2023-10-31</SelectionEndDate>
        </SelectionCriteria>
        <HeaderComment>L</HeaderComment>
        <SegmentIndex>1</SegmentIndex>
        <TotalSegmentsInsequence>1</TotalSegmentsInsequence>
        <TaxAccountingBasis>A</TaxAccountingBasis>
    </Header>
    <MasterFiles>
        <GeneralLedgerAccounts>
            <Account>
                <AccountID>401100</AccountID>
                <AccountDescription>Providers - resumed in a period of up to one year</AccountDescription>
                <StandardAccountID>___ignore___</StandardAccountID>
                <AccountType>Pasiv</AccountType>
                <OpeningDebitBalance>0.00</OpeningDebitBalance>
                <ClosingCreditBalance>100.00</ClosingCreditBalance>
            </Account>
            <Account>
                <AccountID>442600</AccountID>
                <AccountDescription>VAT deductible</AccountDescription>
                <StandardAccountID>___ignore___</StandardAccountID>
                <AccountType>Activ</AccountType>
                <OpeningDebitBalance>0.00</OpeningDebitBalance>
                <ClosingDebitBalance>19.00</ClosingDebitBalance>
            </Account>
            <Account>
                <AccountID>442700</AccountID>
                <AccountDescription>VAT collected</AccountDescription>
                <StandardAccountID>___ignore___</StandardAccountID>
                <AccountType>Pasiv</AccountType>
                <OpeningDebitBalance>0.00</OpeningDebitBalance>
                <ClosingCreditBalance>19.00</ClosingCreditBalance>
            </Account>
            <Account>
                <AccountID>607000</AccountID>
                <AccountDescription>Expenditure on goods</AccountDescription>
                <StandardAccountID>___ignore___</StandardAccountID>
                <AccountType>Bifunctional</AccountType>
                <OpeningDebitBalance>0.00</OpeningDebitBalance>
                <ClosingDebitBalance>100.00</ClosingDebitBalance>
            </Account>
        </GeneralLedgerAccounts>
        <Customers>
        </Customers>
        <Suppliers>
            <Supplier>
                <CompanyStructure>
                    <RegistrationNumber>0018547290</RegistrationNumber>
                    <Name>Romanian Partner</Name>
                    <Address>
                        <City>Bucharest</City>
                        <PostalCode>010001</PostalCode>
                        <Country>RO</Country>
                    </Address>
                    <TaxRegistration>
                        <TaxRegistrationNumber>RO18547290</TaxRegistrationNumber>
                    </TaxRegistration>
                </CompanyStructure>
                <SupplierID>0018547290</SupplierID>
                <AccountID>401100</AccountID>
                <OpeningDebitBalance>0.00</OpeningDebitBalance>
                <ClosingCreditBalance>100.00</ClosingCreditBalance>
            </Supplier>
        </Suppliers>
        <TaxTable>
            <TaxTableEntry>
                <TaxType>300</TaxType>
                <Description>Value-added tax (VAT)</Description>
                <TaxCodeDetails>
                    <TaxCode>300201</TaxCode>
                    <Description>19% EU G</Description>
                    <TaxPercentage>19.0</TaxPercentage>
                    <BaseRate>1.0</BaseRate>
                    <Country>RO</Country>
                </TaxCodeDetails>
            </TaxTableEntry>
        </TaxTable>
        <UOMTable>
        </UOMTable>
        <AnalysisTypeTable></AnalysisTypeTable>
        <MovementTypeTable></MovementTypeTable>
        <Products>
        </Products>
        <Owners>
        </Owners>
        <Assets></Assets>
    </MasterFiles>
    <GeneralLedgerEntries>
        <NumberOfEntries>1</NumberOfEntries>
        <TotalDebit>119.00</TotalDebit>
        <TotalCredit>119.00</TotalCredit>
        <Journal>
            <JournalID>___ignore___</JournalID>
            <Description>Vendor Bills</Description>
            <Type>purchase</Type>
            <Transaction>
                <TransactionID>___ignore___</TransactionID>
                <Period>10</Period>
                <PeriodYear>2023</PeriodYear>
                <TransactionDate>2023-10-31</TransactionDate>
                <TransactionType>in_invoic</TransactionType>
                <Description>BILL/2023/10/0001</Description>
                <SystemEntryDate>___ignore___</SystemEntryDate>
                <GLPostingDate>2023-10-31</GLPostingDate>
                <CustomerID>001234567897</CustomerID>
                <SupplierID>0018547290</SupplierID>
                <TransactionLine>
                    <RecordID>___ignore___</RecordID>
                    <AccountID>607000</AccountID>
                    <ValueDate>2023-10-01</ValueDate>
                    <SourceDocumentID>___ignore___</SourceDocumentID>
                    <CustomerID>001234567897</CustomerID>
                    <SupplierID>0018547290</SupplierID>
                    <Description>product</Description>
                    <DebitAmount>
                        <Amount>100.00</Amount>
                        <CurrencyCode>RON</CurrencyCode>
                        <CurrencyAmount>100.00</CurrencyAmount>
                        <ExchangeRate>1.0000</ExchangeRate>
                    </DebitAmount>
                    <TaxInformation>
                        <TaxType>300</TaxType>
                        <TaxCode>300201</TaxCode>
                        <TaxPercentage>19.0</TaxPercentage>
                        <TaxBaseDescription>19% EU G</TaxBaseDescription>
                        <TaxAmount>
                            <Amount>19.00</Amount>
                            <CurrencyCode>RON</CurrencyCode>
                            <CurrencyAmount>19.00</CurrencyAmount>
                            <ExchangeRate>1.0000</ExchangeRate>
                        </TaxAmount>
                    </TaxInformation>
                </TransactionLine>
                <TransactionLine>
                    <RecordID>___ignore___</RecordID>
                    <AccountID>442600</AccountID>
                    <ValueDate>2023-10-01</ValueDate>
                    <SourceDocumentID>___ignore___</SourceDocumentID>
                    <CustomerID>001234567897</CustomerID>
                    <SupplierID>0018547290</SupplierID>
                    <Description>19% EU G</Description>
                    <DebitAmount>
                        <Amount>19.00</Amount>
                        <CurrencyCode>RON</CurrencyCode>
                        <CurrencyAmount>19.00</CurrencyAmount>
                        <ExchangeRate>1.0000</ExchangeRate>
                    </DebitAmount>
                    <TaxInformation>
                        <TaxType>000</TaxType>
                        <TaxCode>000000</TaxCode>
                        <TaxAmount>
                            <Amount>0.0</Amount>
                            <CurrencyCode>RON</CurrencyCode>
                            <CurrencyAmount>0.0</CurrencyAmount>
                            <ExchangeRate>1.0</ExchangeRate>
                        </TaxAmount>
                    </TaxInformation>
                </TransactionLine>
                <TransactionLine>
                    <RecordID>___ignore___</RecordID>
                    <AccountID>442700</AccountID>
                    <ValueDate>2023-10-01</ValueDate>
                    <SourceDocumentID>___ignore___</SourceDocumentID>
                    <CustomerID>001234567897</CustomerID>
                    <SupplierID>0018547290</SupplierID>
                    <Description>19% EU G</Description>
                    <CreditAmount>
                        <Amount>19.00</Amount>
                        <CurrencyCode>RON</CurrencyCode>
                        <CurrencyAmount>19.00</CurrencyAmount>
                        <ExchangeRate>1.0000</ExchangeRate>
                    </CreditAmount>
                    <TaxInformation>
                        <TaxType>000</TaxType>
                        <TaxCode>000000</TaxCode>
                        <TaxAmount>
                            <Amount>0.0</Amount>
                            <CurrencyCode>RON</CurrencyCode>
                            <CurrencyAmount>0.0</CurrencyAmount>
                            <ExchangeRate>1.0</ExchangeRate>
                        </TaxAmount>
                    </TaxInformation>
                </TransactionLine>
                <TransactionLine>
                    <RecordID>___ignore___</RecordID>
                    <AccountID>401100</AccountID>
                    <ValueDate>2023-10-01</ValueDate>
                    <SourceDocumentID>___ignore___</SourceDocumentID>
                    <CustomerID>001234567897</CustomerID>
                    <SupplierID>0018547290</SupplierID>
                    <Description>BILL/2023/10/0001</Description>
                    <CreditAmount>
                        <Amount>100.00</Amount>
                        <CurrencyCode>RON</CurrencyCode>
                        <CurrencyAmount>100.00</CurrencyAmount>
                        <ExchangeRate>1.0000</ExchangeRate>
                    </CreditAmount>
                    <TaxInformation>
                        <TaxType>000</TaxType>
                        <TaxCode>000000</TaxCode>
                        <TaxAmount>
                            <Amount>0.0</Amount>
                            <CurrencyCode>RON</CurrencyCode>
                            <CurrencyAmount>0.0</CurrencyAmount>
                            <ExchangeRate>1.0</ExchangeRate>
                        </TaxAmount>
                    </TaxInformation>
                </TransactionLine>
            </Transaction>
        </Journal>
    </GeneralLedgerEntries>
    <SourceDocuments>
        <SalesInvoices>
            <NumberOfEntries>0</NumberOfEntries>
            <TotalDebit>0.00</TotalDebit>
            <TotalCredit>0.00</TotalCredit>
        </SalesInvoices>
        <PurchaseInvoices>
            <NumberOfEntries>1</NumberOfEntries>
            <TotalDebit>100.00</TotalDebit>
            <TotalCredit>0.00</TotalCredit>
            <Invoice>
                <InvoiceNo>BILL/2023/10/0001</InvoiceNo>
                <SupplierInfo>
                    <SupplierID>0018547290</SupplierID>
                    <BillingAddress>
                        <City>Bucharest</City>
                        <PostalCode>010001</PostalCode>
                        <Country>RO</Country>
                    </BillingAddress>
                </SupplierInfo>
                <AccountID>401100</AccountID>
                <InvoiceDate>2023-10-31</InvoiceDate>
                <InvoiceType>380</InvoiceType>
                <SelfBillingIndicator>0</SelfBillingIndicator>
                <InvoiceLine>
                    <AccountID>607000</AccountID>
                    <Quantity>1.0</Quantity>
                    <UnitPrice>100.00</UnitPrice>
                    <TaxPointDate>2023-10-01</TaxPointDate>
                    <Description>product</Description>
                    <InvoiceLineAmount>
                        <Amount>100.00</Amount>
                        <CurrencyCode>RON</CurrencyCode>
                        <CurrencyAmount>100.00</CurrencyAmount>
                        <ExchangeRate>1.0000</ExchangeRate>
                    </InvoiceLineAmount>
                    <DebitCreditIndicator>D</DebitCreditIndicator>
                    <TaxInformation>
                        <TaxType>300</TaxType>
                        <TaxCode>300201</TaxCode>
                        <TaxPercentage>19.0</TaxPercentage>
                        <TaxBaseDescription>19% EU G</TaxBaseDescription>
                        <TaxAmount>
                            <Amount>19.00</Amount>
                            <CurrencyCode>RON</CurrencyCode>
                            <CurrencyAmount>19.00</CurrencyAmount>
                            <ExchangeRate>1.0000</ExchangeRate>
                        </TaxAmount>
                    </TaxInformation>
                </InvoiceLine>
            </Invoice>
        </PurchaseInvoices>
        <Payments>
            <NumberOfEntries>0</NumberOfEntries>
            <TotalDebit>0.0</TotalDebit>
            <TotalCredit>0.0</TotalCredit>
        </Payments>
        <MovementOfGoods></MovementOfGoods>
    </SourceDocuments>
</AuditFile>
