<AuditFile xmlns="mfp:anaf:dgti:d406:declaratie:v1">
    <Header>
        <AuditFileVersion>2.4.8</AuditFileVersion>
        <AuditFileCountry>RO</AuditFileCountry>
        <AuditFileDateCreated>___ignore___</AuditFileDateCreated>
        <SoftwareCompanyName>Odoo SA</SoftwareCompanyName>
        <SoftwareID>Odoo</SoftwareID>
        <SoftwareVersion>18.0+e</SoftwareVersion>
        <Company>
            <RegistrationNumber>RO1234567897</RegistrationNumber>
            <Name>Romanian Company</Name>
            <Address>
                <City>Bucharest</City>
                <PostalCode>010001</PostalCode>
                <Country>RO</Country>
            </Address>
            <Contact>
                <ContactPerson>
                    <FirstName>Mr Big</FirstName>
                    <LastName>CEO</LastName>
                </ContactPerson>
                <Telephone>+40 723545000</Telephone>
            </Contact>
            <TaxRegistration>
                <TaxRegistrationNumber>RO1234567897</TaxRegistrationNumber>
            </TaxRegistration>
            <BankAccount>
                <BankAccountNumber>RO08429863697813</BankAccountNumber>
                <BankAccountName>Romanian Banking United</BankAccountName>
            </BankAccount>
        </Company>
        <DefaultCurrencyCode>RON</DefaultCurrencyCode>
        <SelectionCriteria>
            <SelectionStartDate>2023-10-01</SelectionStartDate>
            <SelectionEndDate>2023-10-31</SelectionEndDate>
        </SelectionCriteria>
        <HeaderComment>L</HeaderComment>
        <SegmentIndex>1</SegmentIndex>
        <TotalSegmentsInsequence>1</TotalSegmentsInsequence>
        <TaxAccountingBasis>A</TaxAccountingBasis>
    </Header>
    <MasterFiles>
        <GeneralLedgerAccounts>
            <Account>
                <AccountID>411100</AccountID>
                <AccountDescription>Customers</AccountDescription>
                <StandardAccountID>___ignore___</StandardAccountID>
                <AccountType>Activ</AccountType>
                <OpeningDebitBalance>0.00</OpeningDebitBalance>
                <ClosingDebitBalance>0.00</ClosingDebitBalance>
            </Account>
            <Account>
                <AccountID>707000</AccountID>
                <AccountDescription>Income from sale of goods</AccountDescription>
                <StandardAccountID>___ignore___</StandardAccountID>
                <AccountType>Bifunctional</AccountType>
                <OpeningDebitBalance>0.00</OpeningDebitBalance>
                <ClosingDebitBalance>0.00</ClosingDebitBalance>
            </Account>
        </GeneralLedgerAccounts>
        <Customers>
            <Customer>
                <CompanyStructure>
                    <RegistrationNumber>0018547290</RegistrationNumber>
                    <Name>Romanian Partner</Name>
                    <Address>
                        <City>Bucharest</City>
                        <PostalCode>010001</PostalCode>
                        <Country>RO</Country>
                    </Address>
                    <TaxRegistration>
                        <TaxRegistrationNumber>RO18547290</TaxRegistrationNumber>
                    </TaxRegistration>
                </CompanyStructure>
                <CustomerID>0018547290</CustomerID>
                <AccountID>411100</AccountID>
                <OpeningDebitBalance>0.00</OpeningDebitBalance>
                <ClosingDebitBalance>0.00</ClosingDebitBalance>
            </Customer>
        </Customers>
        <Suppliers></Suppliers>
        <TaxTable></TaxTable>
        <UOMTable></UOMTable>
        <AnalysisTypeTable></AnalysisTypeTable>
        <MovementTypeTable></MovementTypeTable>
        <Products></Products>
        <Owners></Owners>
        <Assets></Assets>
    </MasterFiles>
    <GeneralLedgerEntries>
        <NumberOfEntries>2</NumberOfEntries>
        <TotalDebit>0.00</TotalDebit>
        <TotalCredit>0.00</TotalCredit>
        <Journal>
            <JournalID>INV</JournalID>
            <Description>Customer Invoices</Description>
            <Type>sale</Type>
            <Transaction>
                <TransactionID>INV/2023/00001</TransactionID>
                <Period>10</Period>
                <PeriodYear>2023</PeriodYear>
                <TransactionDate>2023-10-01</TransactionDate>
                <TransactionType>out_invoi</TransactionType>
                <Description>INV/2023/00001</Description>
                <SystemEntryDate>___ignore___</SystemEntryDate>
                <GLPostingDate>2023-10-01</GLPostingDate>
                <CustomerID>0018547290</CustomerID>
                <SupplierID>001234567897</SupplierID>
                <TransactionLine>
                    <RecordID>___ignore___</RecordID>
                    <AccountID>707000</AccountID>
                    <ValueDate>2023-10-01</ValueDate>
                    <SourceDocumentID>___ignore___</SourceDocumentID>
                    <CustomerID>0018547290</CustomerID>
                    <SupplierID>001234567897</SupplierID>
                    <Description>product</Description>
                    <CreditAmount>
                        <Amount>100.00</Amount>
                        <CurrencyCode>RON</CurrencyCode>
                        <CurrencyAmount>100.00</CurrencyAmount>
                        <ExchangeRate>1.0000</ExchangeRate>
                    </CreditAmount>
                    <TaxInformation>
                        <TaxType>000</TaxType>
                        <TaxCode>000000</TaxCode>
                        <TaxAmount>
                            <Amount>0.0</Amount>
                            <CurrencyCode>RON</CurrencyCode>
                            <CurrencyAmount>0.0</CurrencyAmount>
                            <ExchangeRate>1.0</ExchangeRate>
                        </TaxAmount>
                    </TaxInformation>
                </TransactionLine>
                <TransactionLine>
                    <RecordID>___ignore___</RecordID>
                    <AccountID>411100</AccountID>
                    <ValueDate>2023-10-01</ValueDate>
                    <SourceDocumentID>___ignore___</SourceDocumentID>
                    <CustomerID>0018547290</CustomerID>
                    <SupplierID>001234567897</SupplierID>
                    <Description>INV/2023/00001</Description>
                    <DebitAmount>
                        <Amount>100.00</Amount>
                        <CurrencyCode>RON</CurrencyCode>
                        <CurrencyAmount>100.00</CurrencyAmount>
                        <ExchangeRate>1.0000</ExchangeRate>
                    </DebitAmount>
                    <TaxInformation>
                        <TaxType>000</TaxType>
                        <TaxCode>000000</TaxCode>
                        <TaxAmount>
                            <Amount>0.0</Amount>
                            <CurrencyCode>RON</CurrencyCode>
                            <CurrencyAmount>0.0</CurrencyAmount>
                            <ExchangeRate>1.0</ExchangeRate>
                        </TaxAmount>
                    </TaxInformation>
                </TransactionLine>
            </Transaction>
            <Transaction>
                <TransactionID>RINV/2023/00001</TransactionID>
                <Period>10</Period>
                <PeriodYear>2023</PeriodYear>
                <TransactionDate>2023-10-01</TransactionDate>
                <TransactionType>out_refun</TransactionType>
                <Description>RINV/2023/00001</Description>
                <SystemEntryDate>___ignore___</SystemEntryDate>
                <GLPostingDate>2023-10-01</GLPostingDate>
                <CustomerID>0018547290</CustomerID>
                <SupplierID>001234567897</SupplierID>
                <TransactionLine>
                    <RecordID>___ignore___</RecordID>
                    <AccountID>707000</AccountID>
                    <ValueDate>2023-10-01</ValueDate>
                    <SourceDocumentID>___ignore___</SourceDocumentID>
                    <CustomerID>0018547290</CustomerID>
                    <SupplierID>001234567897</SupplierID>
                    <Description>product</Description>
                    <CreditAmount>
                        <Amount>-100.00</Amount>
                        <CurrencyCode>RON</CurrencyCode>
                        <CurrencyAmount>-100.00</CurrencyAmount>
                        <ExchangeRate>1.0000</ExchangeRate>
                    </CreditAmount>
                    <TaxInformation>
                        <TaxType>000</TaxType>
                        <TaxCode>000000</TaxCode>
                        <TaxAmount>
                            <Amount>0.0</Amount>
                            <CurrencyCode>RON</CurrencyCode>
                            <CurrencyAmount>0.0</CurrencyAmount>
                            <ExchangeRate>1.0</ExchangeRate>
                        </TaxAmount>
                    </TaxInformation>
                </TransactionLine>
                <TransactionLine>
                    <RecordID>___ignore___</RecordID>
                    <AccountID>411100</AccountID>
                    <ValueDate>2023-10-01</ValueDate>
                    <SourceDocumentID>___ignore___</SourceDocumentID>
                    <CustomerID>0018547290</CustomerID>
                    <SupplierID>001234567897</SupplierID>
                    <Description>RINV/2023/00001</Description>
                    <DebitAmount>
                        <Amount>-100.00</Amount>
                        <CurrencyCode>RON</CurrencyCode>
                        <CurrencyAmount>-100.00</CurrencyAmount>
                        <ExchangeRate>1.0000</ExchangeRate>
                    </DebitAmount>
                    <TaxInformation>
                        <TaxType>000</TaxType>
                        <TaxCode>000000</TaxCode>
                        <TaxAmount>
                            <Amount>0.0</Amount>
                            <CurrencyCode>RON</CurrencyCode>
                            <CurrencyAmount>0.0</CurrencyAmount>
                            <ExchangeRate>1.0</ExchangeRate>
                        </TaxAmount>
                    </TaxInformation>
                </TransactionLine>
            </Transaction>
        </Journal>
    </GeneralLedgerEntries>
    <SourceDocuments>
        <SalesInvoices>
            <NumberOfEntries>2</NumberOfEntries>
            <TotalDebit>0.00</TotalDebit>
            <TotalCredit>0.00</TotalCredit>
            <Invoice>
                <InvoiceNo>INV/2023/00001</InvoiceNo>
                <CustomerInfo>
                    <CustomerID>0018547290</CustomerID>
                    <BillingAddress>
                        <City>Bucharest</City>
                        <PostalCode>010001</PostalCode>
                        <Country>RO</Country>
                    </BillingAddress>
                </CustomerInfo>
                <AccountID>401100</AccountID>
                <InvoiceDate>2023-10-01</InvoiceDate>
                <InvoiceType>380</InvoiceType>
                <SelfBillingIndicator>0</SelfBillingIndicator>
                <InvoiceLine>
                    <AccountID>707000</AccountID>
                    <Quantity>1.0</Quantity>
                    <UnitPrice>100.00</UnitPrice>
                    <TaxPointDate>2023-10-01</TaxPointDate>
                    <Description>product</Description>
                    <InvoiceLineAmount>
                        <Amount>100.00</Amount>
                        <CurrencyCode>RON</CurrencyCode>
                        <CurrencyAmount>100.00</CurrencyAmount>
                        <ExchangeRate>1.0000</ExchangeRate>
                    </InvoiceLineAmount>
                    <DebitCreditIndicator>C</DebitCreditIndicator>
                    <TaxInformation>
                        <TaxType>000</TaxType>
                        <TaxCode>000000</TaxCode>
                        <TaxAmount>
                            <Amount>0.0</Amount>
                            <CurrencyCode>RON</CurrencyCode>
                            <CurrencyAmount>0.0</CurrencyAmount>
                            <ExchangeRate>1.0</ExchangeRate>
                        </TaxAmount>
                    </TaxInformation>
                </InvoiceLine>
            </Invoice>
            <Invoice>
                <InvoiceNo>RINV/2023/00001</InvoiceNo>
                <CustomerInfo>
                    <CustomerID>0018547290</CustomerID>
                    <BillingAddress>
                        <City>Bucharest</City>
                        <PostalCode>010001</PostalCode>
                        <Country>RO</Country>
                    </BillingAddress>
                </CustomerInfo>
                <AccountID>401100</AccountID>
                <InvoiceDate>2023-10-01</InvoiceDate>
                <InvoiceType>381</InvoiceType>
                <SelfBillingIndicator>0</SelfBillingIndicator>
                <InvoiceLine>
                    <AccountID>707000</AccountID>
                    <Quantity>1.0</Quantity>
                    <UnitPrice>100.00</UnitPrice>
                    <TaxPointDate>2023-10-01</TaxPointDate>
                    <Description>product</Description>
                    <InvoiceLineAmount>
                        <Amount>-100.00</Amount>
                        <CurrencyCode>RON</CurrencyCode>
                        <CurrencyAmount>-100.00</CurrencyAmount>
                        <ExchangeRate>1.0000</ExchangeRate>
                    </InvoiceLineAmount>
                    <DebitCreditIndicator>C</DebitCreditIndicator>
                    <TaxInformation>
                        <TaxType>000</TaxType>
                        <TaxCode>000000</TaxCode>
                        <TaxAmount>
                            <Amount>0.0</Amount>
                            <CurrencyCode>RON</CurrencyCode>
                            <CurrencyAmount>0.0</CurrencyAmount>
                            <ExchangeRate>1.0</ExchangeRate>
                        </TaxAmount>
                    </TaxInformation>
                </InvoiceLine>
            </Invoice>
        </SalesInvoices>
        <PurchaseInvoices>
            <NumberOfEntries>0</NumberOfEntries>
            <TotalDebit>0.00</TotalDebit>
            <TotalCredit>0.00</TotalCredit>
        </PurchaseInvoices>
        <Payments>
            <NumberOfEntries>0</NumberOfEntries>
            <TotalDebit>0.0</TotalDebit>
            <TotalCredit>0.0</TotalCredit>
        </Payments>
        <MovementOfGoods></MovementOfGoods>
    </SourceDocuments>
</AuditFile>
