<AuditFile xmlns="mfp:anaf:dgti:d406:declaratie:v1">
    <Header>
        <AuditFileVersion>2.4.7</AuditFileVersion>
        <AuditFileCountry>RO</AuditFileCountry>
        <AuditFileDateCreated>___ignore___</AuditFileDateCreated>
        <SoftwareCompanyName>Odoo SA</SoftwareCompanyName>
        <SoftwareID>Odoo</SoftwareID>
        <SoftwareVersion>___ignore___</SoftwareVersion>
        <Company>
            <RegistrationNumber>RO1234567897</RegistrationNumber>
            <Name>Romanian Company</Name>
            <Address>
                <City>Bucharest</City>
                <PostalCode>010001</PostalCode>
                <Country>RO</Country>
            </Address>
            <Contact>
                <ContactPerson>
                    <FirstName>Mr Big</FirstName>
                    <LastName>CEO</LastName>
                </ContactPerson>
                <Telephone>+40 723545000</Telephone>
            </Contact>
            <TaxRegistration>
                <TaxRegistrationNumber>RO1234567897</TaxRegistrationNumber>
            </TaxRegistration>
            <BankAccount>
                <BankAccountNumber>RO08429863697813</BankAccountNumber>
                <BankAccountName>Romanian Banking United</BankAccountName>
            </BankAccount>
        </Company>
        <DefaultCurrencyCode>RON</DefaultCurrencyCode>
        <SelectionCriteria>
            <SelectionStartDate>2023-01-01</SelectionStartDate>
            <SelectionEndDate>2023-01-31</SelectionEndDate>
        </SelectionCriteria>
        <HeaderComment>L</HeaderComment>
        <SegmentIndex>1</SegmentIndex>
        <TotalSegmentsInsequence>1</TotalSegmentsInsequence>
        <TaxAccountingBasis>A</TaxAccountingBasis>
    </Header>
    <MasterFiles>
        <GeneralLedgerAccounts>
            <Account>
                <AccountID>401110</AccountID>
                <AccountDescription>Providers - resumed in a period of up to one year (copy)</AccountDescription>
                <StandardAccountID>___ignore___</StandardAccountID>
                <AccountType>Pasiv</AccountType>
                <OpeningDebitBalance>0.00</OpeningDebitBalance>
                <ClosingCreditBalance>10948.00</ClosingCreditBalance>
            </Account>
            <Account>
                <AccountID>411100</AccountID>
                <AccountDescription>Customers</AccountDescription>
                <StandardAccountID>___ignore___</StandardAccountID>
                <AccountType>Activ</AccountType>
                <OpeningDebitBalance>0.00</OpeningDebitBalance>
                <ClosingDebitBalance>8330.00</ClosingDebitBalance>
            </Account>
            <Account>
                <AccountID>442600</AccountID>
                <AccountDescription>VAT deductible</AccountDescription>
                <StandardAccountID>___ignore___</StandardAccountID>
                <AccountType>Activ</AccountType>
                <OpeningDebitBalance>0.00</OpeningDebitBalance>
                <ClosingDebitBalance>1748.00</ClosingDebitBalance>
            </Account>
            <Account>
                <AccountID>442700</AccountID>
                <AccountDescription>VAT collected</AccountDescription>
                <StandardAccountID>___ignore___</StandardAccountID>
                <AccountType>Pasiv</AccountType>
                <OpeningDebitBalance>0.00</OpeningDebitBalance>
                <ClosingCreditBalance>1330.00</ClosingCreditBalance>
            </Account>
            <Account>
                <AccountID>512101</AccountID>
                <AccountDescription>Bank</AccountDescription>
                <StandardAccountID>___ignore___</StandardAccountID>
                <AccountType>Activ</AccountType>
                <OpeningDebitBalance>0.00</OpeningDebitBalance>
                <ClosingDebitBalance>1250.00</ClosingDebitBalance>
            </Account>
            <Account>
                <AccountID>512500</AccountID>
                <AccountDescription>Amounts being settled</AccountDescription>
                <StandardAccountID>___ignore___</StandardAccountID>
                <AccountType>Activ</AccountType>
                <OpeningDebitBalance>0.00</OpeningDebitBalance>
                <ClosingCreditBalance>1250.00</ClosingCreditBalance>
            </Account>
            <Account>
                <AccountID>601000</AccountID>
                <AccountDescription>Raw material expenses</AccountDescription>
                <StandardAccountID>___ignore___</StandardAccountID>
                <AccountType>Bifunctional</AccountType>
                <OpeningDebitBalance>0.00</OpeningDebitBalance>
                <ClosingDebitBalance>9200.00</ClosingDebitBalance>
            </Account>
            <Account>
                <AccountID>701500</AccountID>
                <AccountDescription>Revenue from the sale of finished products</AccountDescription>
                <StandardAccountID>___ignore___</StandardAccountID>
                <AccountType>Bifunctional</AccountType>
                <OpeningDebitBalance>0.00</OpeningDebitBalance>
                <ClosingCreditBalance>7000.00</ClosingCreditBalance>
            </Account>
        </GeneralLedgerAccounts>
        <Customers>
            <Customer>
                <CompanyStructure>
                    <RegistrationNumber>0018547290</RegistrationNumber>
                    <Name>Romanian Partner</Name>
                    <Address>
                        <City>Bucharest</City>
                        <PostalCode>010001</PostalCode>
                        <Country>RO</Country>
                    </Address>
                    <TaxRegistration>
                        <TaxRegistrationNumber>RO18547290</TaxRegistrationNumber>
                    </TaxRegistration>
                </CompanyStructure>
                <CustomerID>0018547290</CustomerID>
                <AccountID>401100</AccountID>
                <OpeningDebitBalance>0.00</OpeningDebitBalance>
                <ClosingDebitBalance>8330.00</ClosingDebitBalance>
            </Customer>
        </Customers>
        <Suppliers>
            <Supplier>
                <CompanyStructure>
                    <RegistrationNumber>01FR23334175221</RegistrationNumber>
                    <Name>French Partner</Name>
                    <Address>
                        <City>Saint-Étienne</City>
                        <PostalCode>42000</PostalCode>
                        <Country>FR</Country>
                    </Address>
                    <TaxRegistration>
                        <TaxRegistrationNumber>FR23334175221</TaxRegistrationNumber>
                    </TaxRegistration>
                </CompanyStructure>
                <SupplierID>01FR23334175221</SupplierID>
                <AccountID>401110</AccountID>
                <OpeningDebitBalance>0.00</OpeningDebitBalance>
                <ClosingCreditBalance>10948.00</ClosingCreditBalance>
            </Supplier>
        </Suppliers>
        <TaxTable>
            <TaxTableEntry>
                <TaxType>300</TaxType>
                <Description>Value-added tax (VAT)</Description>
                <TaxCodeDetails>
                    <TaxCode>310309</TaxCode>
                    <Description>19% G</Description>
                    <TaxPercentage>19.0</TaxPercentage>
                    <BaseRate>1.0</BaseRate>
                    <Country>RO</Country>
                </TaxCodeDetails>
            </TaxTableEntry>
            <TaxTableEntry>
                <TaxType>300</TaxType>
                <Description>Value-added tax (VAT)</Description>
                <TaxCodeDetails>
                    <TaxCode>300101</TaxCode>
                    <Description>19% G</Description>
                    <TaxPercentage>19.0</TaxPercentage>
                    <BaseRate>1.0</BaseRate>
                    <Country>RO</Country>
                </TaxCodeDetails>
            </TaxTableEntry>
        </TaxTable>
        <UOMTable>
            <UOMTableEntry>
                <UnitOfMeasure>C62</UnitOfMeasure>
                <Description>Unit</Description>
            </UOMTableEntry>
            <UOMTableEntry>
                <UnitOfMeasure>DZN</UnitOfMeasure>
                <Description>Unit</Description>
            </UOMTableEntry>
        </UOMTable>
        <AnalysisTypeTable></AnalysisTypeTable>
        <MovementTypeTable>
        </MovementTypeTable>
        <Products>
            <Product>
                <ProductCode>PA</ProductCode>
                <ProductGroup>All</ProductGroup>
                <Description>product_a</Description>
                <ProductCommodityCode>00000000</ProductCommodityCode>
                <UOMBase>C62</UOMBase>
                <UOMStandard>C62</UOMStandard>
                <UOMToUOMBaseConversionFactor>1</UOMToUOMBaseConversionFactor>
            </Product>
            <Product>
                <ProductCode>PB</ProductCode>
                <ProductGroup>All</ProductGroup>
                <Description>product_b</Description>
                <ProductCommodityCode>00000000</ProductCommodityCode>
                <UOMBase>DZN</UOMBase>
                <UOMStandard>DZN</UOMStandard>
                <UOMToUOMBaseConversionFactor>1</UOMToUOMBaseConversionFactor>
            </Product>
        </Products>
        <Owners>
        </Owners>
        <Assets></Assets>
    </MasterFiles>
    <GeneralLedgerEntries>
        <NumberOfEntries>5</NumberOfEntries>
        <TotalDebit>20528.00</TotalDebit>
        <TotalCredit>20528.00</TotalCredit>
        <Journal>
            <JournalID>___ignore___</JournalID>
            <Description>Customer Invoices</Description>
            <Type>sale</Type>
            <Transaction>
                <TransactionID>___ignore___</TransactionID>
                <Period>01</Period>
                <PeriodYear>2023</PeriodYear>
                <TransactionDate>2023-01-01</TransactionDate>
                <TransactionType>out_invoi</TransactionType>
                <Description>INV/2023/00001</Description>
                <SystemEntryDate>___ignore___</SystemEntryDate>
                <GLPostingDate>2023-01-01</GLPostingDate>
                <CustomerID>0018547290</CustomerID>
                <SupplierID>001234567897</SupplierID>
                <TransactionLine>
                    <RecordID>___ignore___</RecordID>
                    <AccountID>701500</AccountID>
                    <ValueDate>2023-01-01</ValueDate>
                    <SourceDocumentID>___ignore___</SourceDocumentID>
                    <CustomerID>0018547290</CustomerID>
                    <SupplierID>001234567897</SupplierID>
                    <Description>[PA] product_a</Description>
                    <CreditAmount>
                        <Amount>10000.00</Amount>
                        <CurrencyCode>EUR</CurrencyCode>
                        <CurrencyAmount>2000.00</CurrencyAmount>
                        <ExchangeRate>0.2000</ExchangeRate>
                    </CreditAmount>
                    <TaxInformation>
                        <TaxType>300</TaxType>
                        <TaxCode>310309</TaxCode>
                        <TaxPercentage>19.0</TaxPercentage>
                        <TaxBaseDescription>19% G</TaxBaseDescription>
                        <TaxAmount>
                            <Amount>1900.00</Amount>
                            <CurrencyCode>EUR</CurrencyCode>
                            <CurrencyAmount>1900.00</CurrencyAmount>
                            <ExchangeRate>0.2000</ExchangeRate>
                        </TaxAmount>
                    </TaxInformation>
                </TransactionLine>
                <TransactionLine>
                    <RecordID>___ignore___</RecordID>
                    <AccountID>442700</AccountID>
                    <ValueDate>2023-01-01</ValueDate>
                    <SourceDocumentID>___ignore___</SourceDocumentID>
                    <CustomerID>0018547290</CustomerID>
                    <SupplierID>001234567897</SupplierID>
                    <Description>19% G</Description>
                    <CreditAmount>
                        <Amount>1900.00</Amount>
                        <CurrencyCode>EUR</CurrencyCode>
                        <CurrencyAmount>380.00</CurrencyAmount>
                        <ExchangeRate>0.2000</ExchangeRate>
                    </CreditAmount>
                    <TaxInformation>
                        <TaxType>000</TaxType>
                        <TaxCode>000000</TaxCode>
                        <TaxAmount>
                            <Amount>0.0</Amount>
                            <CurrencyCode>EUR</CurrencyCode>
                            <CurrencyAmount>0.0</CurrencyAmount>
                            <ExchangeRate>1.0</ExchangeRate>
                        </TaxAmount>
                    </TaxInformation>
                </TransactionLine>
                <TransactionLine>
                    <RecordID>___ignore___</RecordID>
                    <AccountID>411100</AccountID>
                    <ValueDate>2023-01-01</ValueDate>
                    <SourceDocumentID>___ignore___</SourceDocumentID>
                    <CustomerID>0018547290</CustomerID>
                    <SupplierID>001234567897</SupplierID>
                    <Description>INV/2023/00001</Description>
                    <DebitAmount>
                        <Amount>11900.00</Amount>
                        <CurrencyCode>EUR</CurrencyCode>
                        <CurrencyAmount>2380.00</CurrencyAmount>
                        <ExchangeRate>0.2000</ExchangeRate>
                    </DebitAmount>
                    <TaxInformation>
                        <TaxType>000</TaxType>
                        <TaxCode>000000</TaxCode>
                        <TaxAmount>
                            <Amount>0.0</Amount>
                            <CurrencyCode>EUR</CurrencyCode>
                            <CurrencyAmount>0.0</CurrencyAmount>
                            <ExchangeRate>1.0</ExchangeRate>
                        </TaxAmount>
                    </TaxInformation>
                </TransactionLine>
            </Transaction>
            <Transaction>
                <TransactionID>___ignore___</TransactionID>
                <Period>01</Period>
                <PeriodYear>2023</PeriodYear>
                <TransactionDate>2023-01-11</TransactionDate>
                <TransactionType>out_refun</TransactionType>
                <Description>RINV/2023/00001</Description>
                <SystemEntryDate>___ignore___</SystemEntryDate>
                <GLPostingDate>2023-01-11</GLPostingDate>
                <CustomerID>0018547290</CustomerID>
                <SupplierID>001234567897</SupplierID>
                <TransactionLine>
                    <RecordID>___ignore___</RecordID>
                    <AccountID>701500</AccountID>
                    <ValueDate>2023-01-11</ValueDate>
                    <SourceDocumentID>___ignore___</SourceDocumentID>
                    <CustomerID>0018547290</CustomerID>
                    <SupplierID>001234567897</SupplierID>
                    <Description>[PA] product_a</Description>
                    <CreditAmount>
                        <Amount>-3000.00</Amount>
                        <CurrencyCode>RON</CurrencyCode>
                        <CurrencyAmount>-3000.00</CurrencyAmount>
                        <ExchangeRate>1.0000</ExchangeRate>
                    </CreditAmount>
                    <TaxInformation>
                        <TaxType>300</TaxType>
                        <TaxCode>310309</TaxCode>
                        <TaxPercentage>19.0</TaxPercentage>
                        <TaxBaseDescription>19% G</TaxBaseDescription>
                        <TaxAmount>
                            <Amount>-570.00</Amount>
                            <CurrencyCode>RON</CurrencyCode>
                            <CurrencyAmount>-570.00</CurrencyAmount>
                            <ExchangeRate>1.0000</ExchangeRate>
                        </TaxAmount>
                    </TaxInformation>
                </TransactionLine>
                <TransactionLine>
                    <RecordID>___ignore___</RecordID>
                    <AccountID>442700</AccountID>
                    <ValueDate>2023-01-11</ValueDate>
                    <SourceDocumentID>___ignore___</SourceDocumentID>
                    <CustomerID>0018547290</CustomerID>
                    <SupplierID>001234567897</SupplierID>
                    <Description>19% G</Description>
                    <CreditAmount>
                        <Amount>-570.00</Amount>
                        <CurrencyCode>RON</CurrencyCode>
                        <CurrencyAmount>-570.00</CurrencyAmount>
                        <ExchangeRate>1.0000</ExchangeRate>
                    </CreditAmount>
                    <TaxInformation>
                        <TaxType>000</TaxType>
                        <TaxCode>000000</TaxCode>
                        <TaxAmount>
                            <Amount>0.0</Amount>
                            <CurrencyCode>RON</CurrencyCode>
                            <CurrencyAmount>0.0</CurrencyAmount>
                            <ExchangeRate>1.0</ExchangeRate>
                        </TaxAmount>
                    </TaxInformation>
                </TransactionLine>
                <TransactionLine>
                    <RecordID>___ignore___</RecordID>
                    <AccountID>411100</AccountID>
                    <ValueDate>2023-01-11</ValueDate>
                    <SourceDocumentID>___ignore___</SourceDocumentID>
                    <CustomerID>0018547290</CustomerID>
                    <SupplierID>001234567897</SupplierID>
                    <Description>RINV/2023/00001</Description>
                    <DebitAmount>
                        <Amount>-3570.00</Amount>
                        <CurrencyCode>RON</CurrencyCode>
                        <CurrencyAmount>-3570.00</CurrencyAmount>
                        <ExchangeRate>1.0000</ExchangeRate>
                    </DebitAmount>
                    <TaxInformation>
                        <TaxType>000</TaxType>
                        <TaxCode>000000</TaxCode>
                        <TaxAmount>
                            <Amount>0.0</Amount>
                            <CurrencyCode>RON</CurrencyCode>
                            <CurrencyAmount>0.0</CurrencyAmount>
                            <ExchangeRate>1.0</ExchangeRate>
                        </TaxAmount>
                    </TaxInformation>
                </TransactionLine>
            </Transaction>
        </Journal>
        <Journal>
            <JournalID>___ignore___</JournalID>
            <Description>Bank</Description>
            <Type>bank</Type>
            <Transaction>
                <TransactionID>___ignore___</TransactionID>
                <Period>01</Period>
                <PeriodYear>2023</PeriodYear>
                <TransactionDate>2023-01-15</TransactionDate>
                <TransactionType>entry</TransactionType>
                <Description>BNK1/2023/00001</Description>
                <SystemEntryDate>___ignore___</SystemEntryDate>
                <GLPostingDate>2023-01-15</GLPostingDate>
                <CustomerID>0018547290</CustomerID>
                <SupplierID>001234567897</SupplierID>
                <TransactionLine>
                    <RecordID>___ignore___</RecordID>
                    <AccountID>512101</AccountID>
                    <SourceDocumentID>___ignore___</SourceDocumentID>
                    <CustomerID>0018547290</CustomerID>
                    <SupplierID>001234567897</SupplierID>
                    <Description>Payment Ref</Description>
                    <DebitAmount>
                        <Amount>1250.00</Amount>
                        <CurrencyCode>RON</CurrencyCode>
                        <CurrencyAmount>1250.00</CurrencyAmount>
                        <ExchangeRate>1.0000</ExchangeRate>
                    </DebitAmount>
                    <TaxInformation>
                        <TaxType>000</TaxType>
                        <TaxCode>000000</TaxCode>
                        <TaxAmount>
                            <Amount>0.0</Amount>
                            <CurrencyCode>RON</CurrencyCode>
                            <CurrencyAmount>0.0</CurrencyAmount>
                            <ExchangeRate>1.0</ExchangeRate>
                        </TaxAmount>
                    </TaxInformation>
                </TransactionLine>
                <TransactionLine>
                    <RecordID>___ignore___</RecordID>
                    <AccountID>512500</AccountID>
                    <SourceDocumentID>___ignore___</SourceDocumentID>
                    <CustomerID>0018547290</CustomerID>
                    <SupplierID>001234567897</SupplierID>
                    <Description>Payment Ref</Description>
                    <CreditAmount>
                        <Amount>1250.00</Amount>
                        <CurrencyCode>EUR</CurrencyCode>
                        <CurrencyAmount>250.00</CurrencyAmount>
                        <ExchangeRate>0.2000</ExchangeRate>
                    </CreditAmount>
                    <TaxInformation>
                        <TaxType>000</TaxType>
                        <TaxCode>000000</TaxCode>
                        <TaxAmount>
                            <Amount>0.0</Amount>
                            <CurrencyCode>EUR</CurrencyCode>
                            <CurrencyAmount>0.0</CurrencyAmount>
                            <ExchangeRate>1.0</ExchangeRate>
                        </TaxAmount>
                    </TaxInformation>
                </TransactionLine>
            </Transaction>
        </Journal>
        <Journal>
            <JournalID>___ignore___</JournalID>
            <Description>Vendor Bills</Description>
            <Type>purchase</Type>
            <Transaction>
                <TransactionID>___ignore___</TransactionID>
                <Period>01</Period>
                <PeriodYear>2023</PeriodYear>
                <TransactionDate>2023-01-21</TransactionDate>
                <TransactionType>in_invoic</TransactionType>
                <Description>BILL/2023/01/0001</Description>
                <SystemEntryDate>___ignore___</SystemEntryDate>
                <GLPostingDate>2023-01-21</GLPostingDate>
                <CustomerID>001234567897</CustomerID>
                <SupplierID>01FR23334175221</SupplierID>
                <TransactionLine>
                    <RecordID>___ignore___</RecordID>
                    <AccountID>601000</AccountID>
                    <ValueDate>2023-01-21</ValueDate>
                    <SourceDocumentID>___ignore___</SourceDocumentID>
                    <CustomerID>001234567897</CustomerID>
                    <SupplierID>01FR23334175221</SupplierID>
                    <Description>[PB] product_b</Description>
                    <DebitAmount>
                        <Amount>8000.00</Amount>
                        <CurrencyCode>RON</CurrencyCode>
                        <CurrencyAmount>8000.00</CurrencyAmount>
                        <ExchangeRate>1.0000</ExchangeRate>
                    </DebitAmount>
                    <TaxInformation>
                        <TaxType>300</TaxType>
                        <TaxCode>300101</TaxCode>
                        <TaxPercentage>19.0</TaxPercentage>
                        <TaxBaseDescription>19% G</TaxBaseDescription>
                        <TaxAmount>
                            <Amount>1520.00</Amount>
                            <CurrencyCode>RON</CurrencyCode>
                            <CurrencyAmount>1520.00</CurrencyAmount>
                            <ExchangeRate>1.0000</ExchangeRate>
                        </TaxAmount>
                    </TaxInformation>
                </TransactionLine>
                <TransactionLine>
                    <RecordID>___ignore___</RecordID>
                    <AccountID>442600</AccountID>
                    <ValueDate>2023-01-21</ValueDate>
                    <SourceDocumentID>___ignore___</SourceDocumentID>
                    <CustomerID>001234567897</CustomerID>
                    <SupplierID>01FR23334175221</SupplierID>
                    <Description>19% G</Description>
                    <DebitAmount>
                        <Amount>1520.00</Amount>
                        <CurrencyCode>RON</CurrencyCode>
                        <CurrencyAmount>1520.00</CurrencyAmount>
                        <ExchangeRate>1.0000</ExchangeRate>
                    </DebitAmount>
                    <TaxInformation>
                        <TaxType>000</TaxType>
                        <TaxCode>000000</TaxCode>
                        <TaxAmount>
                            <Amount>0.0</Amount>
                            <CurrencyCode>RON</CurrencyCode>
                            <CurrencyAmount>0.0</CurrencyAmount>
                            <ExchangeRate>1.0</ExchangeRate>
                        </TaxAmount>
                    </TaxInformation>
                </TransactionLine>
                <TransactionLine>
                    <RecordID>___ignore___</RecordID>
                    <AccountID>401110</AccountID>
                    <ValueDate>2023-01-21</ValueDate>
                    <SourceDocumentID>___ignore___</SourceDocumentID>
                    <CustomerID>001234567897</CustomerID>
                    <SupplierID>01FR23334175221</SupplierID>
                    <Description>installment #1</Description>
                    <CreditAmount>
                        <Amount>2856.00</Amount>
                        <CurrencyCode>RON</CurrencyCode>
                        <CurrencyAmount>2856.00</CurrencyAmount>
                        <ExchangeRate>1.0000</ExchangeRate>
                    </CreditAmount>
                    <TaxInformation>
                        <TaxType>000</TaxType>
                        <TaxCode>000000</TaxCode>
                        <TaxAmount>
                            <Amount>0.0</Amount>
                            <CurrencyCode>RON</CurrencyCode>
                            <CurrencyAmount>0.0</CurrencyAmount>
                            <ExchangeRate>1.0</ExchangeRate>
                        </TaxAmount>
                    </TaxInformation>
                </TransactionLine>
                <TransactionLine>
                    <RecordID>___ignore___</RecordID>
                    <AccountID>401110</AccountID>
                    <ValueDate>2023-01-21</ValueDate>
                    <SourceDocumentID>___ignore___</SourceDocumentID>
                    <CustomerID>001234567897</CustomerID>
                    <SupplierID>01FR23334175221</SupplierID>
                    <Description>installment #2</Description>
                    <CreditAmount>
                        <Amount>6664.00</Amount>
                        <CurrencyCode>RON</CurrencyCode>
                        <CurrencyAmount>6664.00</CurrencyAmount>
                        <ExchangeRate>1.0000</ExchangeRate>
                    </CreditAmount>
                    <TaxInformation>
                        <TaxType>000</TaxType>
                        <TaxCode>000000</TaxCode>
                        <TaxAmount>
                            <Amount>0.0</Amount>
                            <CurrencyCode>RON</CurrencyCode>
                            <CurrencyAmount>0.0</CurrencyAmount>
                            <ExchangeRate>1.0</ExchangeRate>
                        </TaxAmount>
                    </TaxInformation>
                </TransactionLine>
            </Transaction>
            <Transaction>
                <TransactionID>___ignore___</TransactionID>
                <Period>01</Period>
                <PeriodYear>2023</PeriodYear>
                <TransactionDate>2023-01-26</TransactionDate>
                <TransactionType>in_invoic</TransactionType>
                <Description>BILL/2023/01/0002</Description>
                <SystemEntryDate>___ignore___</SystemEntryDate>
                <GLPostingDate>2023-01-26</GLPostingDate>
                <CustomerID>001234567897</CustomerID>
                <SupplierID>01FR23334175221</SupplierID>
                <TransactionLine>
                    <RecordID>___ignore___</RecordID>
                    <AccountID>601000</AccountID>
                    <ValueDate>2023-01-26</ValueDate>
                    <SourceDocumentID>___ignore___</SourceDocumentID>
                    <CustomerID>001234567897</CustomerID>
                    <SupplierID>01FR23334175221</SupplierID>
                    <Description>[PB] product_b</Description>
                    <DebitAmount>
                        <Amount>1200.00</Amount>
                        <CurrencyCode>RON</CurrencyCode>
                        <CurrencyAmount>1200.00</CurrencyAmount>
                        <ExchangeRate>1.0000</ExchangeRate>
                    </DebitAmount>
                    <TaxInformation>
                        <TaxType>300</TaxType>
                        <TaxCode>300101</TaxCode>
                        <TaxPercentage>19.0</TaxPercentage>
                        <TaxBaseDescription>19% G</TaxBaseDescription>
                        <TaxAmount>
                            <Amount>228.00</Amount>
                            <CurrencyCode>RON</CurrencyCode>
                            <CurrencyAmount>228.00</CurrencyAmount>
                            <ExchangeRate>1.0000</ExchangeRate>
                        </TaxAmount>
                    </TaxInformation>
                </TransactionLine>
                <TransactionLine>
                    <RecordID>___ignore___</RecordID>
                    <AccountID>442600</AccountID>
                    <ValueDate>2023-01-26</ValueDate>
                    <SourceDocumentID>___ignore___</SourceDocumentID>
                    <CustomerID>001234567897</CustomerID>
                    <SupplierID>01FR23334175221</SupplierID>
                    <Description>19% G</Description>
                    <DebitAmount>
                        <Amount>228.00</Amount>
                        <CurrencyCode>RON</CurrencyCode>
                        <CurrencyAmount>228.00</CurrencyAmount>
                        <ExchangeRate>1.0000</ExchangeRate>
                    </DebitAmount>
                    <TaxInformation>
                        <TaxType>000</TaxType>
                        <TaxCode>000000</TaxCode>
                        <TaxAmount>
                            <Amount>0.0</Amount>
                            <CurrencyCode>RON</CurrencyCode>
                            <CurrencyAmount>0.0</CurrencyAmount>
                            <ExchangeRate>1.0</ExchangeRate>
                        </TaxAmount>
                    </TaxInformation>
                </TransactionLine>
                <TransactionLine>
                    <RecordID>___ignore___</RecordID>
                    <AccountID>401110</AccountID>
                    <ValueDate>2023-01-26</ValueDate>
                    <SourceDocumentID>___ignore___</SourceDocumentID>
                    <CustomerID>001234567897</CustomerID>
                    <SupplierID>01FR23334175221</SupplierID>
                    <Description>installment #1</Description>
                    <CreditAmount>
                        <Amount>428.40</Amount>
                        <CurrencyCode>RON</CurrencyCode>
                        <CurrencyAmount>428.40</CurrencyAmount>
                        <ExchangeRate>1.0000</ExchangeRate>
                    </CreditAmount>
                    <TaxInformation>
                        <TaxType>000</TaxType>
                        <TaxCode>000000</TaxCode>
                        <TaxAmount>
                            <Amount>0.0</Amount>
                            <CurrencyCode>RON</CurrencyCode>
                            <CurrencyAmount>0.0</CurrencyAmount>
                            <ExchangeRate>1.0</ExchangeRate>
                        </TaxAmount>
                    </TaxInformation>
                </TransactionLine>
                <TransactionLine>
                    <RecordID>___ignore___</RecordID>
                    <AccountID>401110</AccountID>
                    <ValueDate>2023-01-26</ValueDate>
                    <SourceDocumentID>___ignore___</SourceDocumentID>
                    <CustomerID>001234567897</CustomerID>
                    <SupplierID>01FR23334175221</SupplierID>
                    <Description>installment #2</Description>
                    <CreditAmount>
                        <Amount>999.60</Amount>
                        <CurrencyCode>RON</CurrencyCode>
                        <CurrencyAmount>999.60</CurrencyAmount>
                        <ExchangeRate>1.0000</ExchangeRate>
                    </CreditAmount>
                    <TaxInformation>
                        <TaxType>000</TaxType>
                        <TaxCode>000000</TaxCode>
                        <TaxAmount>
                            <Amount>0.0</Amount>
                            <CurrencyCode>RON</CurrencyCode>
                            <CurrencyAmount>0.0</CurrencyAmount>
                            <ExchangeRate>1.0</ExchangeRate>
                        </TaxAmount>
                    </TaxInformation>
                </TransactionLine>
            </Transaction>
        </Journal>
    </GeneralLedgerEntries>
    <SourceDocuments>
        <SalesInvoices>
            <NumberOfEntries>2</NumberOfEntries>
            <TotalDebit>0.00</TotalDebit>
            <TotalCredit>7000.00</TotalCredit>
            <Invoice>
                <InvoiceNo>INV/2023/00001</InvoiceNo>
                <CustomerInfo>
                    <CustomerID>0018547290</CustomerID>
                    <BillingAddress>
                        <City>Bucharest</City>
                        <PostalCode>010001</PostalCode>
                        <Country>RO</Country>
                    </BillingAddress>
                </CustomerInfo>
                <AccountID>401100</AccountID>
                <InvoiceDate>2023-01-01</InvoiceDate>
                <InvoiceType>380</InvoiceType>
                <SelfBillingIndicator>0</SelfBillingIndicator>
                <InvoiceLine>
                    <AccountID>701500</AccountID>
                    <Quantity>5.0</Quantity>
                    <InvoiceUOM>C62</InvoiceUOM>
                    <UnitPrice>2000.00</UnitPrice>
                    <TaxPointDate>2023-01-01</TaxPointDate>
                    <Description>[PA] product_a</Description>
                    <InvoiceLineAmount>
                        <Amount>10000.00</Amount>
                        <CurrencyCode>EUR</CurrencyCode>
                        <CurrencyAmount>2000.00</CurrencyAmount>
                        <ExchangeRate>0.2000</ExchangeRate>
                    </InvoiceLineAmount>
                    <DebitCreditIndicator>C</DebitCreditIndicator>
                    <TaxInformation>
                        <TaxType>300</TaxType>
                        <TaxCode>310309</TaxCode>
                        <TaxPercentage>19.0</TaxPercentage>
                        <TaxBaseDescription>19% G</TaxBaseDescription>
                        <TaxAmount>
                            <Amount>1900.00</Amount>
                            <CurrencyCode>EUR</CurrencyCode>
                            <CurrencyAmount>1900.00</CurrencyAmount>
                            <ExchangeRate>0.2000</ExchangeRate>
                        </TaxAmount>
                    </TaxInformation>
                </InvoiceLine>
            </Invoice>
            <Invoice>
                <InvoiceNo>RINV/2023/00001</InvoiceNo>
                <CustomerInfo>
                    <CustomerID>0018547290</CustomerID>
                    <BillingAddress>
                        <City>Bucharest</City>
                        <PostalCode>010001</PostalCode>
                        <Country>RO</Country>
                    </BillingAddress>
                </CustomerInfo>
                <AccountID>401100</AccountID>
                <InvoiceDate>2023-01-11</InvoiceDate>
                <InvoiceType>381</InvoiceType>
                <SelfBillingIndicator>0</SelfBillingIndicator>
                <InvoiceLine>
                    <AccountID>701500</AccountID>
                    <Quantity>3.0</Quantity>
                    <InvoiceUOM>C62</InvoiceUOM>
                    <UnitPrice>1000.00</UnitPrice>
                    <TaxPointDate>2023-01-11</TaxPointDate>
                    <Description>[PA] product_a</Description>
                    <InvoiceLineAmount>
                        <Amount>-3000.00</Amount>
                        <CurrencyCode>RON</CurrencyCode>
                        <CurrencyAmount>-3000.00</CurrencyAmount>
                        <ExchangeRate>1.0000</ExchangeRate>
                    </InvoiceLineAmount>
                    <DebitCreditIndicator>C</DebitCreditIndicator>
                    <TaxInformation>
                        <TaxType>300</TaxType>
                        <TaxCode>310309</TaxCode>
                        <TaxPercentage>19.0</TaxPercentage>
                        <TaxBaseDescription>19% G</TaxBaseDescription>
                        <TaxAmount>
                            <Amount>-570.00</Amount>
                            <CurrencyCode>RON</CurrencyCode>
                            <CurrencyAmount>-570.00</CurrencyAmount>
                            <ExchangeRate>1.0000</ExchangeRate>
                        </TaxAmount>
                    </TaxInformation>
                </InvoiceLine>
            </Invoice>
        </SalesInvoices>
        <PurchaseInvoices>
            <NumberOfEntries>2</NumberOfEntries>
            <TotalDebit>9200.00</TotalDebit>
            <TotalCredit>0.00</TotalCredit>
            <Invoice>
                <InvoiceNo>BILL/2023/01/0001</InvoiceNo>
                <SupplierInfo>
                    <SupplierID>01FR23334175221</SupplierID>
                    <BillingAddress>
                        <City>Saint-Étienne</City>
                        <PostalCode>42000</PostalCode>
                        <Country>FR</Country>
                    </BillingAddress>
                </SupplierInfo>
                <AccountID>401110</AccountID>
                <InvoiceDate>2023-01-21</InvoiceDate>
                <InvoiceType>380</InvoiceType>
                <SelfBillingIndicator>0</SelfBillingIndicator>
                <InvoiceLine>
                    <AccountID>601000</AccountID>
                    <Quantity>10.0</Quantity>
                    <InvoiceUOM>DZN</InvoiceUOM>
                    <UnitPrice>800.00</UnitPrice>
                    <TaxPointDate>2023-01-21</TaxPointDate>
                    <Description>[PB] product_b</Description>
                    <InvoiceLineAmount>
                        <Amount>8000.00</Amount>
                        <CurrencyCode>RON</CurrencyCode>
                        <CurrencyAmount>8000.00</CurrencyAmount>
                        <ExchangeRate>1.0000</ExchangeRate>
                    </InvoiceLineAmount>
                    <DebitCreditIndicator>D</DebitCreditIndicator>
                    <TaxInformation>
                        <TaxType>300</TaxType>
                        <TaxCode>300101</TaxCode>
                        <TaxPercentage>19.0</TaxPercentage>
                        <TaxBaseDescription>19% G</TaxBaseDescription>
                        <TaxAmount>
                            <Amount>1520.00</Amount>
                            <CurrencyCode>RON</CurrencyCode>
                            <CurrencyAmount>1520.00</CurrencyAmount>
                            <ExchangeRate>1.0000</ExchangeRate>
                        </TaxAmount>
                    </TaxInformation>
                </InvoiceLine>
            </Invoice>
            <Invoice>
                <InvoiceNo>BILL/2023/01/0002</InvoiceNo>
                <SupplierInfo>
                    <SupplierID>01FR23334175221</SupplierID>
                    <BillingAddress>
                        <City>Saint-Étienne</City>
                        <PostalCode>42000</PostalCode>
                        <Country>FR</Country>
                    </BillingAddress>
                </SupplierInfo>
                <AccountID>401110</AccountID>
                <InvoiceDate>2023-01-26</InvoiceDate>
                <InvoiceType>389</InvoiceType>
                <SelfBillingIndicator>389</SelfBillingIndicator>
                <InvoiceLine>
                    <AccountID>601000</AccountID>
                    <Quantity>2.0</Quantity>
                    <InvoiceUOM>DZN</InvoiceUOM>
                    <UnitPrice>600.00</UnitPrice>
                    <TaxPointDate>2023-01-26</TaxPointDate>
                    <Description>[PB] product_b</Description>
                    <InvoiceLineAmount>
                        <Amount>1200.00</Amount>
                        <CurrencyCode>RON</CurrencyCode>
                        <CurrencyAmount>1200.00</CurrencyAmount>
                        <ExchangeRate>1.0000</ExchangeRate>
                    </InvoiceLineAmount>
                    <DebitCreditIndicator>D</DebitCreditIndicator>
                    <TaxInformation>
                        <TaxType>300</TaxType>
                        <TaxCode>300101</TaxCode>
                        <TaxPercentage>19.0</TaxPercentage>
                        <TaxBaseDescription>19% G</TaxBaseDescription>
                        <TaxAmount>
                            <Amount>228.00</Amount>
                            <CurrencyCode>RON</CurrencyCode>
                            <CurrencyAmount>228.00</CurrencyAmount>
                            <ExchangeRate>1.0000</ExchangeRate>
                        </TaxAmount>
                    </TaxInformation>
                </InvoiceLine>
            </Invoice>
        </PurchaseInvoices>
        <Payments>
            <NumberOfEntries>1</NumberOfEntries>
            <TotalDebit>1250.0</TotalDebit>
            <TotalCredit>0.0</TotalCredit>
            <Payment>
                <PaymentRefNo>BNK1/2023/00001</PaymentRefNo>
                <TransactionDate>2023-01-15</TransactionDate>
                <PaymentMethod>03</PaymentMethod>
                <Description>Payment Ref</Description>
                <SystemID>___ignore___</SystemID>
                <PaymentLine>
                    <AccountID>512101</AccountID>
                    <CustomerID>0018547290</CustomerID>
                    <SupplierID>0</SupplierID>
                    <DebitCreditIndicator>D</DebitCreditIndicator>
                    <PaymentLineAmount>
                        <Amount>1250.00</Amount>
                        <CurrencyCode>RON</CurrencyCode>
                        <CurrencyAmount>1250.00</CurrencyAmount>
                        <ExchangeRate>1.0000</ExchangeRate>
                    </PaymentLineAmount>
                    <TaxInformation>
                        <TaxType>000</TaxType>
                        <TaxCode>000000</TaxCode>
                        <TaxAmount>
                            <Amount>0.0</Amount>
                            <CurrencyCode>RON</CurrencyCode>
                            <CurrencyAmount>0.0</CurrencyAmount>
                            <ExchangeRate>1.0</ExchangeRate>
                        </TaxAmount>
                    </TaxInformation>
                </PaymentLine>
            </Payment>
        </Payments>
        <MovementOfGoods></MovementOfGoods>
    </SourceDocuments>
</AuditFile>