<AuditFile xmlns="urn:StandardAuditFile-Taxation-Financial:DK">
    <Header>
        <AuditFileVersion>1.0</AuditFileVersion>
        <AuditFileCountry>DK</AuditFileCountry>
        <AuditFileDateCreated>2022-01-01</AuditFileDateCreated>
        <SoftwareCompanyName>Odoo SA</SoftwareCompanyName>
        <SoftwareID>Odoo</SoftwareID>
        <SoftwareVersion>___ignore___</SoftwareVersion>
        <Company>
            <RegistrationNumber>12345674</RegistrationNumber>
            <Name>company_1_data</Name>
            <Address>
                <StreetName>Paradisæblevej, 10</StreetName>
                <Number>10</Number>
                <City>Aalborg</City>
                <PostalCode>9430</PostalCode>
                <Country>DK</Country>
            </Address>
            <Contact>
                <ContactPerson>
                    <FirstName>NotUsed</FirstName>
                    <LastName>Mr Big CEO</LastName>
                </ContactPerson>
                <Telephone>+45 32 12 34 77</Telephone>
            </Contact>
            <TaxRegistration>
                <TaxRegistrationNumber>DK12345674</TaxRegistrationNumber>
            </TaxRegistration>
            <BankAccount>
                <IBANNumber>DK50 0040 0440 1162 43</IBANNumber>
            </BankAccount>
        </Company>
        <DefaultCurrencyCode>DKK</DefaultCurrencyCode>
        <SelectionCriteria>
            <SelectionStartDate>2021-01-01</SelectionStartDate>
            <SelectionEndDate>2021-12-31</SelectionEndDate>
        </SelectionCriteria>
        <TaxAccountingBasis>undefined</TaxAccountingBasis>
        <TaxEntity>company_1_data</TaxEntity>
    </Header>
    <MasterFiles>
        <GeneralLedgerAccounts>
            <Account>
                <AccountID>___ignore___</AccountID>
                <AccountDescription>Sale of goods and services</AccountDescription>
                <StandardAccountID>1010</StandardAccountID>
                <AccountType>Sale</AccountType>
                <OpeningDebitBalance>0.00</OpeningDebitBalance>
                <ClosingCreditBalance>5000.00</ClosingCreditBalance>
            </Account>
            <Account>
                <AccountID>___ignore___</AccountID>
                <AccountDescription>Purchase of goods</AccountDescription>
                <StandardAccountID>1610.1</StandardAccountID>
                <AccountType>Expense</AccountType>
                <OpeningDebitBalance>0.00</OpeningDebitBalance>
                <ClosingDebitBalance>8000.00</ClosingDebitBalance>
            </Account>
            <Account>
                <AccountID>___ignore___</AccountID>
                <AccountDescription>Trade and other receivables</AccountDescription>
                <StandardAccountID>6190</StandardAccountID>
                <AccountType>Asset</AccountType>
                <OpeningDebitBalance>0.00</OpeningDebitBalance>
                <ClosingDebitBalance>6250.00</ClosingDebitBalance>
            </Account>
            <Account>
                <AccountID>___ignore___</AccountID>
                <AccountDescription>Other payables - long-term (copy)</AccountDescription>
                <StandardAccountID>7200</StandardAccountID>
                <AccountType>Liability</AccountType>
                <OpeningDebitBalance>0.00</OpeningDebitBalance>
                <ClosingCreditBalance>10000.00</ClosingCreditBalance>
            </Account>
            <Account>
                <AccountID>___ignore___</AccountID>
                <AccountDescription>Sales tax</AccountDescription>
                <StandardAccountID>7680</StandardAccountID>
                <AccountType>Liability</AccountType>
                <OpeningDebitBalance>0.00</OpeningDebitBalance>
                <ClosingCreditBalance>1250.00</ClosingCreditBalance>
            </Account>
            <Account>
                <AccountID>___ignore___</AccountID>
                <AccountDescription>VAT on purchases</AccountDescription>
                <StandardAccountID>7740</StandardAccountID>
                <AccountType>Liability</AccountType>
                <OpeningDebitBalance>0.00</OpeningDebitBalance>
                <ClosingDebitBalance>2000.00</ClosingDebitBalance>
            </Account>
        </GeneralLedgerAccounts>
        <Customers>
            <Customer>
                <Name>company_1_data</Name>
                <Address>
                    <StreetName>Paradisæblevej, 10</StreetName>
                    <Number>10</Number>
                    <City>Aalborg</City>
                    <PostalCode>9430</PostalCode>
                    <Country>DK</Country>
                </Address>
                <Contact>
                    <ContactPerson>
                        <FirstName>NotUsed</FirstName>
                        <LastName>Mr Big CEO</LastName>
                    </ContactPerson>
                    <Telephone>+45 32 12 34 77</Telephone>
                </Contact>
                <TaxRegistration>
                    <TaxRegistrationNumber>DK12345674</TaxRegistrationNumber>
                </TaxRegistration>
                <CustomerID>___ignore___</CustomerID>
                <OpeningDebitBalance>0.00</OpeningDebitBalance>
                <ClosingDebitBalance>3750.00</ClosingDebitBalance>
            </Customer>
            <Customer>
                <Name>partner_a</Name>
                <Address>
                    <StreetName>Paradisæblevej, 12</StreetName>
                    <Number>12</Number>
                    <City>Garnich</City>
                    <PostalCode>L-8353</PostalCode>
                    <Country>LU</Country>
                </Address>
                <Contact>
                    <ContactPerson>
                        <FirstName>NotUsed</FirstName>
                        <LastName>partner_a</LastName>
                    </ContactPerson>
                    <Telephone>+352 24 11 11 11</Telephone>
                </Contact>
                <CustomerID>___ignore___</CustomerID>
                <OpeningDebitBalance>0.00</OpeningDebitBalance>
                <ClosingDebitBalance>2500.00</ClosingDebitBalance>
            </Customer>
        </Customers>
        <Suppliers>
            <Supplier>
                <Name>partner_b</Name>
                <Address>
                    <StreetName>Paradisæblevej, 12</StreetName>
                    <Number>12</Number>
                    <City>Garnich</City>
                    <PostalCode>L-8353</PostalCode>
                    <Country>LU</Country>
                </Address>
                <Contact>
                    <ContactPerson>
                        <FirstName>NotUsed</FirstName>
                        <LastName>partner_b</LastName>
                    </ContactPerson>
                    <Telephone>+352 24 11 11 11</Telephone>
                </Contact>
                <SupplierID>___ignore___</SupplierID>
                <OpeningDebitBalance>0.00</OpeningDebitBalance>
                <ClosingCreditBalance>10000.00</ClosingCreditBalance>
            </Supplier>
        </Suppliers>
        <TaxTable>
            <TaxTableEntry>
                <TaxType>VAT</TaxType>
                <Description>Moms</Description>
                <TaxCodeDetails>
                    <TaxCode>___ignore___</TaxCode>
                    <EffectiveDate>___ignore___</EffectiveDate>
                    <Description>S-DK-25</Description>
                    <TaxPercentage>25.0</TaxPercentage>
                    <Country>DK</Country>
                </TaxCodeDetails>
            </TaxTableEntry>
            <TaxTableEntry>
                <TaxType>VAT</TaxType>
                <Description>Moms</Description>
                <TaxCodeDetails>
                    <TaxCode>___ignore___</TaxCode>
                    <EffectiveDate>___ignore___</EffectiveDate>
                    <Description>K-DK-Fradrag</Description>
                    <TaxPercentage>25.0</TaxPercentage>
                    <Country>DK</Country>
                </TaxCodeDetails>
            </TaxTableEntry>
        </TaxTable>
        <Owners>
            <Owner>
                <RegistrationNumber>12345674</RegistrationNumber>
                <Name>company_1_data</Name>
                <Address>
                    <StreetName>Paradisæblevej, 10</StreetName>
                    <Number>10</Number>
                    <City>Aalborg</City>
                    <PostalCode>9430</PostalCode>
                    <Country>DK</Country>
                </Address>
                <Contact>
                    <ContactPerson>
                        <FirstName>NotUsed</FirstName>
                        <LastName>Mr Big CEO</LastName>
                    </ContactPerson>
                    <Telephone>+45 32 12 34 77</Telephone>
                </Contact>
                <TaxRegistration>
                    <TaxRegistrationNumber>DK12345674</TaxRegistrationNumber>
                </TaxRegistration>
                <BankAccount>
                    <IBANNumber>DK50 0040 0440 1162 43</IBANNumber>
                </BankAccount>
                <OwnerID>___ignore___</OwnerID>
            </Owner>
        </Owners>
    </MasterFiles>
    <GeneralLedgerEntries>
        <NumberOfEntries>4</NumberOfEntries>
        <TotalDebit>23750.00</TotalDebit>
        <TotalCredit>23750.00</TotalCredit>
        <Journal>
            <JournalID>___ignore___</JournalID>
            <Description>Customer Invoices</Description>
            <Type>sale</Type>
            <Transaction>
                <TransactionID>___ignore___</TransactionID>
                <Period>01</Period>
                <PeriodYear>2021</PeriodYear>
                <TransactionDate>2021-01-01</TransactionDate>
                <TransactionType>out_invoi</TransactionType>
                <Description>INV/2021/00001</Description>
                <SystemEntryDate>___ignore___</SystemEntryDate>
                <GLPostingDate>2021-01-01</GLPostingDate>
                <CustomerID>___ignore___</CustomerID>
                <Line>
                    <RecordID>___ignore___</RecordID>
                    <AccountID>___ignore___</AccountID>
                    <ValueDate>2021-01-01</ValueDate>
                    <SourceDocumentID>___ignore___</SourceDocumentID>
                    <CustomerID>___ignore___</CustomerID>
                    <Description>[PA] product_a</Description>
                    <CreditAmount>
                        <Amount>5000.00</Amount>
                    </CreditAmount>
                    <TaxInformation>
                        <TaxCode>___ignore___</TaxCode>
                        <TaxPercentage>25.0</TaxPercentage>
                        <TaxBaseDescription>S-DK-25</TaxBaseDescription>
                        <TaxAmount>
                            <Amount>1250.00</Amount>
                        </TaxAmount>
                    </TaxInformation>
                </Line>
                <Line>
                    <RecordID>___ignore___</RecordID>
                    <AccountID>___ignore___</AccountID>
                    <ValueDate>2021-01-01</ValueDate>
                    <SourceDocumentID>___ignore___</SourceDocumentID>
                    <CustomerID>___ignore___</CustomerID>
                    <Description>S-DK-25</Description>
                    <CreditAmount>
                        <Amount>1250.00</Amount>
                    </CreditAmount>
                </Line>
                <Line>
                    <RecordID>___ignore___</RecordID>
                    <AccountID>___ignore___</AccountID>
                    <ValueDate>2021-01-01</ValueDate>
                    <SourceDocumentID>___ignore___</SourceDocumentID>
                    <CustomerID>___ignore___</CustomerID>
                    <Description>INV/2021/00001</Description>
                    <DebitAmount>
                        <Amount>6250.00</Amount>
                    </DebitAmount>
                </Line>
            </Transaction>
            <Transaction>
                <TransactionID>___ignore___</TransactionID>
                <Period>03</Period>
                <PeriodYear>2021</PeriodYear>
                <TransactionDate>2021-03-01</TransactionDate>
                <TransactionType>out_invoi</TransactionType>
                <Description>INV/2021/00002</Description>
                <SystemEntryDate>___ignore___</SystemEntryDate>
                <GLPostingDate>2021-03-01</GLPostingDate>
                <CustomerID>___ignore___</CustomerID>
                <Line>
                    <RecordID>___ignore___</RecordID>
                    <AccountID>___ignore___</AccountID>
                    <ValueDate>2021-03-01</ValueDate>
                    <SourceDocumentID>___ignore___</SourceDocumentID>
                    <CustomerID>___ignore___</CustomerID>
                    <Description>[PA] product_a</Description>
                    <CreditAmount>
                        <Amount>3000.00</Amount>
                    </CreditAmount>
                    <TaxInformation>
                        <TaxCode>___ignore___</TaxCode>
                        <TaxPercentage>25.0</TaxPercentage>
                        <TaxBaseDescription>S-DK-25</TaxBaseDescription>
                        <TaxAmount>
                            <Amount>750.00</Amount>
                        </TaxAmount>
                    </TaxInformation>
                </Line>
                <Line>
                    <RecordID>___ignore___</RecordID>
                    <AccountID>___ignore___</AccountID>
                    <ValueDate>2021-03-01</ValueDate>
                    <SourceDocumentID>___ignore___</SourceDocumentID>
                    <CustomerID>___ignore___</CustomerID>
                    <Description>S-DK-25</Description>
                    <CreditAmount>
                        <Amount>750.00</Amount>
                    </CreditAmount>
                </Line>
                <Line>
                    <RecordID>___ignore___</RecordID>
                    <AccountID>___ignore___</AccountID>
                    <ValueDate>2021-03-01</ValueDate>
                    <SourceDocumentID>___ignore___</SourceDocumentID>
                    <CustomerID>___ignore___</CustomerID>
                    <Description>INV/2021/00002</Description>
                    <DebitAmount>
                        <Amount>3750.00</Amount>
                    </DebitAmount>
                </Line>
            </Transaction>
            <Transaction>
                <TransactionID>___ignore___</TransactionID>
                <Period>03</Period>
                <PeriodYear>2021</PeriodYear>
                <TransactionDate>2021-03-01</TransactionDate>
                <TransactionType>out_refun</TransactionType>
                <Description>RINV/2021/00001</Description>
                <SystemEntryDate>___ignore___</SystemEntryDate>
                <GLPostingDate>2021-03-01</GLPostingDate>
                <CustomerID>___ignore___</CustomerID>
                <Line>
                    <RecordID>___ignore___</RecordID>
                    <AccountID>___ignore___</AccountID>
                    <ValueDate>2021-03-01</ValueDate>
                    <SourceDocumentID>___ignore___</SourceDocumentID>
                    <CustomerID>___ignore___</CustomerID>
                    <Description>[PA] product_a</Description>
                    <DebitAmount>
                        <Amount>3000.00</Amount>
                    </DebitAmount>
                    <TaxInformation>
                        <TaxCode>___ignore___</TaxCode>
                        <TaxPercentage>25.0</TaxPercentage>
                        <TaxBaseDescription>S-DK-25</TaxBaseDescription>
                        <TaxAmount>
                            <Amount>750.00</Amount>
                        </TaxAmount>
                    </TaxInformation>
                </Line>
                <Line>
                    <RecordID>___ignore___</RecordID>
                    <AccountID>___ignore___</AccountID>
                    <ValueDate>2021-03-01</ValueDate>
                    <SourceDocumentID>___ignore___</SourceDocumentID>
                    <CustomerID>___ignore___</CustomerID>
                    <Description>S-DK-25</Description>
                    <DebitAmount>
                        <Amount>750.00</Amount>
                    </DebitAmount>
                </Line>
                <Line>
                    <RecordID>___ignore___</RecordID>
                    <AccountID>___ignore___</AccountID>
                    <ValueDate>2021-03-01</ValueDate>
                    <SourceDocumentID>___ignore___</SourceDocumentID>
                    <CustomerID>___ignore___</CustomerID>
                    <Description>RINV/2021/00001</Description>
                    <CreditAmount>
                        <Amount>3750.00</Amount>
                    </CreditAmount>
                </Line>
            </Transaction>
        </Journal>
        <Journal>
            <JournalID>___ignore___</JournalID>
            <Description>Vendor Bills</Description>
            <Type>purchase</Type>
            <Transaction>
                <TransactionID>___ignore___</TransactionID>
                <Period>06</Period>
                <PeriodYear>2021</PeriodYear>
                <TransactionDate>2021-06-30</TransactionDate>
                <TransactionType>in_invoic</TransactionType>
                <Description>BILL/2021/06/0001</Description>
                <SystemEntryDate>___ignore___</SystemEntryDate>
                <GLPostingDate>2021-06-30</GLPostingDate>
                <SupplierID>___ignore___</SupplierID>
                <Line>
                    <RecordID>___ignore___</RecordID>
                    <AccountID>___ignore___</AccountID>
                    <ValueDate>2021-06-30</ValueDate>
                    <SourceDocumentID>___ignore___</SourceDocumentID>
                    <SupplierID>___ignore___</SupplierID>
                    <Description>[PB] product_b</Description>
                    <DebitAmount>
                        <Amount>8000.00</Amount>
                    </DebitAmount>
                    <TaxInformation>
                        <TaxCode>___ignore___</TaxCode>
                        <TaxPercentage>25.0</TaxPercentage>
                        <TaxBaseDescription>K-DK-Fradrag</TaxBaseDescription>
                        <TaxAmount>
                            <Amount>2000.00</Amount>
                        </TaxAmount>
                    </TaxInformation>
                </Line>
                <Line>
                    <RecordID>___ignore___</RecordID>
                    <AccountID>___ignore___</AccountID>
                    <ValueDate>2021-06-30</ValueDate>
                    <SourceDocumentID>___ignore___</SourceDocumentID>
                    <SupplierID>___ignore___</SupplierID>
                    <Description>K-DK-Fradrag</Description>
                    <DebitAmount>
                        <Amount>2000.00</Amount>
                    </DebitAmount>
                </Line>
                <Line>
                    <RecordID>___ignore___</RecordID>
                    <AccountID>___ignore___</AccountID>
                    <ValueDate>2021-06-30</ValueDate>
                    <SourceDocumentID>___ignore___</SourceDocumentID>
                    <SupplierID>___ignore___</SupplierID>
                    <Description>installment #1</Description>
                    <CreditAmount>
                        <Amount>3000.00</Amount>
                    </CreditAmount>
                </Line>
                <Line>
                    <RecordID>___ignore___</RecordID>
                    <AccountID>___ignore___</AccountID>
                    <ValueDate>2021-06-30</ValueDate>
                    <SourceDocumentID>___ignore___</SourceDocumentID>
                    <SupplierID>___ignore___</SupplierID>
                    <Description>installment #2</Description>
                    <CreditAmount>
                        <Amount>7000.00</Amount>
                    </CreditAmount>
                </Line>
            </Transaction>
        </Journal>
    </GeneralLedgerEntries>
</AuditFile>
