<Document xmlns="http://www.six-interbank-clearing.com/de/pain.001.001.03.ch.02.xsd" xmlns:xsi="http://www.w3.org/2001/XMLSchema-instance">
  <CstmrCdtTrfInitn>
    <GrpHdr>
      <MsgId>12345</MsgId>
      <CreDtTm>2024-03-04T08:21:16</CreDtTm>
      <NbOfTxs>2</NbOfTxs>
      <CtrlSum>1100.00</CtrlSum>
      <InitgPty>
        <Nm>Grunnings</Nm>
        <Id>
          <OrgId>
            <Othr>
              <Id>0123456789</Id>
            </Othr>
          </OrgId>
        </Id>
      </InitgPty>
    </GrpHdr>
    <PmtInf>
      <PmtInfId>1709540476.798265401</PmtInfId>
      <PmtMtd>TRF</PmtMtd>
      <BtchBookg>true</BtchBookg>
      <NbOfTxs>2</NbOfTxs>
      <CtrlSum>1100.00</CtrlSum>
      <ReqdExctnDt>2024-03-04</ReqdExctnDt>
      <Dbtr>
        <Nm>Grunnings</Nm>
        <PstlAdr>
          <Ctry>CH</Ctry>
          <AdrLine>4 Privet Drive</AdrLine>
          <AdrLine>1997 Little Whinging</AdrLine>
        </PstlAdr>
      </Dbtr>
      <DbtrAcct>
        <Id>
          <Othr>
            <Id>CH4431999123000889012</Id>
          </Othr>
        </Id>
        <Ccy>CHF</Ccy>
      </DbtrAcct>
      <DbtrAgt>
        <FinInstnId>
          <BIC>BQBHCHGG</BIC>
        </FinInstnId>
      </DbtrAgt>
      <ChrgBr>SHAR</ChrgBr>
      <CdtTrfTxInf>
        <PmtId>
          <InstrId>5-SCT-BNK1-2024-03-04</InstrId>
          <EndToEndId>1709565642.64888074015</EndToEndId>
        </PmtId>
        <Amt>
          <InstdAmt Ccy="CHF">500.00</InstdAmt>
        </Amt>
        <Cdtr>
          <Nm>Easy Clean Lausanne</Nm>
          <PstlAdr>
            <Ctry>CH</Ctry>
            <AdrLine>Rte de Prilly 18, 1004 Lausanne, Suisse</AdrLine>
            <AdrLine>1004 Lausanne</AdrLine>
          </PstlAdr>
        </Cdtr>
        <CdtrAcct>
          <Id>
            <IBAN>CH113000522813083501F</IBAN>
          </Id>
        </CdtrAcct>
      </CdtTrfTxInf>
      <CdtTrfTxInf>
        <PmtId>
          <InstrId>5-SCT-BNK1-2024-03-04</InstrId>
          <EndToEndId>1709565642.64888074015</EndToEndId>
        </PmtId>
        <Amt>
          <InstdAmt Ccy="CHF">600.00</InstdAmt>
        </Amt>
        <Cdtr>
          <Nm>Easy Clean Lausanne</Nm>
          <PstlAdr>
            <Ctry>CH</Ctry>
            <AdrLine>Rte de Prilly 18, 1004 Lausanne, Suisse</AdrLine>
            <AdrLine>1004 Lausanne</AdrLine>
          </PstlAdr>
        </Cdtr>
        <CdtrAcct>
          <Id>
            <IBAN>CH113000522813083501F</IBAN>
          </Id>
        </CdtrAcct>
      </CdtTrfTxInf>
    </PmtInf>
  </CstmrCdtTrfInitn>
</Document>