<?xml version='1.0' encoding='utf-8'?>
<Document xmlns="urn:iso:std:iso:20022:tech:xsd:pain.001.001.03" xmlns:xsi="http://www.w3.org/2001/XMLSchema-instance">
  <CstmrCdtTrfInitn>
    <GrpHdr>
      <MsgId>12345</MsgId>
      <CreDtTm>2024-03-04T08:21:16</CreDtTm>
      <NbOfTxs>2</NbOfTxs>
      <CtrlSum>1100.00</CtrlSum>
      <InitgPty>
        <Nm>Grunnings</Nm>
        <Id>
          <OrgId>
            <Othr>
              <Id>0123456789</Id>
            </Othr>
          </OrgId>
        </Id>
      </InitgPty>
    </GrpHdr>
    <PmtInf>
      <PmtInfId>1709540476.798265401</PmtInfId>
      <PmtMtd>TRF</PmtMtd>
      <BtchBookg>true</BtchBookg>
      <NbOfTxs>2</NbOfTxs>
      <CtrlSum>1100.00</CtrlSum>
      <PmtTpInf>
        <SvcLvl>
          <Cd>SEPA</Cd>
        </SvcLvl>
      </PmtTpInf>
      <ReqdExctnDt>2024-03-04</ReqdExctnDt>
      <Dbtr>
        <Nm>Grunnings</Nm>
        <PstlAdr>
          <Ctry>AT</Ctry>
          <AdrLine>4 Privet Drive</AdrLine>
          <AdrLine>1997 Little Whinging</AdrLine>
        </PstlAdr>
        <Id>
          <OrgId>
            <Othr>
              <Id>0123456789</Id>
            </Othr>
          </OrgId>
        </Id>
      </Dbtr>
      <DbtrAcct>
        <Id>
          <IBAN>AT615400082549283818</IBAN>
        </Id>
        <Ccy>EUR</Ccy>
      </DbtrAcct>
      <DbtrAgt>
        <FinInstnId>
          <BIC>BKAUATWWXXX</BIC>
        </FinInstnId>
      </DbtrAgt>
      <ChrgBr>SLEV</ChrgBr>
      <CdtTrfTxInf>
        <PmtId>
          <InstrId>5-SCT-BNK1-2024-03-04</InstrId>
          <EndToEndId>1709565642.64888074015</EndToEndId>
        </PmtId>
        <Amt>
          <InstdAmt Ccy="EUR">500.00</InstdAmt>
        </Amt>
        <CdtrAgt>
          <FinInstnId>
            <BIC>BKAUATWWXXX</BIC>
          </FinInstnId>
        </CdtrAgt>
        <Cdtr>
          <Nm>Austrian Customer</Nm>
        </Cdtr>
        <CdtrAcct>
          <Id>
            <IBAN>AT352060496147196834</IBAN>
          </Id>
        </CdtrAcct>
      </CdtTrfTxInf>
      <CdtTrfTxInf>
        <PmtId>
          <InstrId>5-SCT-BNK1-2024-03-04</InstrId>
          <EndToEndId>1709565642.64888074015</EndToEndId>
        </PmtId>
        <Amt>
          <InstdAmt Ccy="EUR">600.00</InstdAmt>
        </Amt>
        <CdtrAgt>
          <FinInstnId>
            <BIC>BKAUATWWXXX</BIC>
          </FinInstnId>
        </CdtrAgt>
        <Cdtr>
          <Nm>Austrian Customer</Nm>
        </Cdtr>
        <CdtrAcct>
          <Id>
            <IBAN>AT352060496147196834</IBAN>
          </Id>
        </CdtrAcct>
      </CdtTrfTxInf>
    </PmtInf>
  </CstmrCdtTrfInitn>
</Document>
