<Document xmlns="urn:iso:std:iso:20022:tech:xsd:pain.001.001.09" xmlns:xsi="http://www.w3.org/2001/XMLSchema-instance" xsi:schemaLocation="urn:iso:std:iso:20022:tech:xsd:pain.001.001.09 pain.001.001.09.xsd">
  <CstmrCdtTrfInitn>
    <GrpHdr>
      <MsgId>12345</MsgId>
      <CreDtTm>2024-03-04T08:21:16</CreDtTm>
      <NbOfTxs>2</NbOfTxs>
      <CtrlSum>1100.00</CtrlSum>
      <InitgPty>
        <Nm>Grunnings</Nm>
        <Id>
          <OrgId>
            <Othr>
              <Id>0123456789</Id>
            </Othr>
          </OrgId>
        </Id>
      </InitgPty>
    </GrpHdr>
    <PmtInf>
      <PmtInfId>1709540476.798265401</PmtInfId>
      <PmtMtd>TRF</PmtMtd>
      <BtchBookg>true</BtchBookg>
      <NbOfTxs>2</NbOfTxs>
      <CtrlSum>1100.00</CtrlSum>
      <ReqdExctnDt>
        <Dt>2024-03-04</Dt>
      </ReqdExctnDt>
      <Dbtr>
        <Nm>Grunnings</Nm>
        <PstlAdr>
          <StrtNm>4 Privet Drive</StrtNm>
          <PstCd>1997</PstCd>
          <TwnNm>Little Whinging</TwnNm>
          <Ctry>CH</Ctry>
        </PstlAdr>
      </Dbtr>
      <DbtrAcct>
        <Id>
          <Othr>
            <Id>CH4431999123000889012</Id>
          </Othr>
        </Id>
        <Ccy>CHF</Ccy>
      </DbtrAcct>
      <DbtrAgt>
        <FinInstnId>
          <BICFI>BQBHCHGG</BICFI>
        </FinInstnId>
      </DbtrAgt>
      <ChrgBr>SHAR</ChrgBr>
      <CdtTrfTxInf>
        <PmtId>
          <InstrId>5-SCT-BNK1-2024-03-04</InstrId>
          <EndToEndId>1709565642.64888074015</EndToEndId>
        </PmtId>
        <Amt>
          <InstdAmt Ccy="CHF">500.00</InstdAmt>
        </Amt>
        <Cdtr>
          <Nm>Easy Clean Lausanne</Nm>
          <PstlAdr>
            <StrtNm>Rte de Prilly 18, 1004 Lausanne, Suisse</StrtNm>
            <PstCd>1004</PstCd>
            <TwnNm>Lausanne</TwnNm>
            <Ctry>CH</Ctry>
          </PstlAdr>
        </Cdtr>
        <CdtrAcct>
          <Id>
            <IBAN>CH113000522813083501F</IBAN>
          </Id>
        </CdtrAcct>
        <RmtInf>
          <Strd>
            <CdtrRefInf>
              <Tp>
                <CdOrPrtry>
                  <Prtry>QRR</Prtry>
                </CdOrPrtry>
              </Tp>
              <Ref>210000000003139471430009017</Ref>
            </CdtrRefInf>
          </Strd>
        </RmtInf>
      </CdtTrfTxInf>
      <CdtTrfTxInf>
        <PmtId>
          <InstrId>5-SCT-BNK1-2024-03-04</InstrId>
          <EndToEndId>1709565642.64888074015</EndToEndId>
        </PmtId>
        <Amt>
          <InstdAmt Ccy="CHF">600.00</InstdAmt>
        </Amt>
        <Cdtr>
          <Nm>Easy Clean Lausanne</Nm>
          <PstlAdr>
            <StrtNm>Rte de Prilly 18, 1004 Lausanne, Suisse</StrtNm>
            <PstCd>1004</PstCd>
            <TwnNm>Lausanne</TwnNm>
            <Ctry>CH</Ctry>
          </PstlAdr>
        </Cdtr>
        <CdtrAcct>
          <Id>
            <IBAN>CH113000522813083501F</IBAN>
          </Id>
        </CdtrAcct>
        <RmtInf>
          <Strd>
            <CdtrRefInf>
              <Tp>
                <CdOrPrtry>
                  <Prtry>QRR</Prtry>
                </CdOrPrtry>
              </Tp>
              <Ref>210000000003139471430009017</Ref>
            </CdtrRefInf>
          </Strd>
        </RmtInf>
      </CdtTrfTxInf>
    </PmtInf>
  </CstmrCdtTrfInitn>
</Document>