JournalCode	JournalLib	EcritureNum	EcritureDate	CompteNum	CompteLib	CompAuxNum	CompAuxLib	PieceRef	PieceDate	EcritureLib	Debit	Credit	EcritureLet	DateLet	ValidDate	Montantdevise	Idevise
ACH	ACHATS	ACH000001	20180808	62270000	FRAIS D'ACTES ET CONTENTIEUX			x	20180808	ACOMPTE FORMALITES ENTREPRISE	500,00	0,00			20190725		
ACH	ACHATS	ACH000001	20180808	44566000	TVA SUR AUTRES BIEN ET SERVICE			x	20180808	ACOMPTE FORMALITES ENTREPRISE	100,00	0,00	AA		20190725		
ACH	ACHATS	ACH000001	20180808	45500000	CPT COURANTS DE L ASSOCIE			x	20180808	ACOMPTE FORMALITES ENTREPRISE	0,00	600,00			20190725		
ACH	ACHATS	ACH000002	20180808	61320000	LOCATIONS PARTNER01			x	20180808	DOMICILIATION	300,00	0,00			20190725		
ACH	ACHATS	ACH000002	20180808	44566000	TVA SUR AUTRES BIEN ET SERVICE			x	20180808	DOMICILIATION	60,00	0,00	AA		20190725		
ACH	ACHATS	ACH000002	20180808	45500000	CPT COURANTS DE L ASSOCIE			x	20180808	DOMICILIATION	0,00	360,00			20190725		
ACH	ACHATS	ACH000003	20180910	61320000	LOCATIONS PARTNER01			x	20180910	PARTNER01	41,50	0,00			20190725		
ACH	ACHATS	ACH000003	20180910	44566000	TVA SUR AUTRES BIEN ET SERVICE			x	20180910	PARTNER01	8,30	0,00	AA		20190725		
ACH	ACHATS	ACH000003	20180910	40100000	FOURNISSEURS DIVERS	PAR 01	PARTNER01	x	20180910	PARTNER01	0,00	49,80	AA		20190725		
ACH	ACHATS	ACH000004	20180918	62260000	HONORAIRES			x	20180918	HONORAIRES FRANCIS 214	330,00	0,00			20190725		
ACH	ACHATS	ACH000004	20180918	44566000	TVA SUR AUTRES BIEN ET SERVICE			x	20180918	HONORAIRES FRANCIS 214	66,00	0,00	AA		20190725		
ACH	ACHATS	ACH000004	20180918	40100000	FOURNISSEURS DIVERS	08DIVERS	DIVER	x	20180918	HONORAIRES FRANCIS 214	0,00	396,00	AU		20190725		
BQ	BQ 552	BQ000001	20180921	10130000	CAPITAL SOUSCRIT ET VERSE			x	20180921	VIREMENT	0,00	10000,00			20190725		
BQ	BQ 552	BQ000001	20180921	51200000	BANQUE 124			x	20180921	VIREMENT	10000,00	0,00			20190725		
BQ	BQ 552	BQ000002	20180924	45500000	CPT COURANTS DE L ASSOCIE			x	20180924	VIREMENT	0,00	10000,00			20190725		
BQ	BQ 552	BQ000002	20180924	51200000	BANQUE 124			x	20180924	VIREMENT	10000,00	0,00			20190725		
BQ	BQ 552	BQ000003	20180925	45500000	CPT COURANTS DE L ASSOCIE			x	20180925	VIREMENT ANNULATION	10000,00	0,00			20190725		
BQ	BQ 552	BQ000003	20180925	51200000	BANQUE 124			x	20180925	VIREMENT ANNULATION	0,00	10000,00			20190725		
ACH	ACHATS	ACH000005	20180926	62510000	VOYAGES ET DEPLACEMENT			x	20180926	ASF BOURG 443	18,50	0,00			20190725		
ACH	ACHATS	ACH000005	20180926	46700000	CARTE BLEUE			x	20180926	ASF BOURG 443	0,00	18,50	AA		20190725		
ACH	ACHATS	ACH000006	20180927	62560000	MISSIONS			x	20180927	HOTEL LE 67 AUJOURD'HUI	87,00	0,00			20190725		
ACH	ACHATS	ACH000006	20180927	63500000	AUTRES IMPOTS TAXES ET VERSEMN			x	20180927	HOTEL LE 67 AUJOURD'HUI TAXE SEJOUR	0,77	0,00			20190725		
ACH	ACHATS	ACH000006	20180927	46700000	CARTE BLEUE			x	20180927	HOTEL LE 67 AUJOURD'HUI	0,00	87,77	AA		20190725		
ACH	ACHATS	ACH000007	20180928	61350000	LOCATION MOBILIERE			x	20180928	37 LOCATION	283,00	0,00			20190725		
ACH	ACHATS	ACH000007	20180928	46700000	CARTE BLEUE			x	20180928	37 LOCATION	0,00	283,00	AA		20190725		
ACH	ACHATS	ACH000008	20180928	61350000	LOCATION MOBILIERE			x	20180928	37 LOCATION	128,78	0,00			20190725		
ACH	ACHATS	ACH000008	20180928	46700000	CARTE BLEUE			x	20180928	37 LOCATION	0,00	128,78	AA		20190725		
ACH	ACHATS	ACH000009	20180930	62270000	FRAIS D'ACTES ET CONTENTIEUX			x	20180930	PARTNER01	250,00	0,00			20190725		
ACH	ACHATS	ACH000009	20180930	44566000	TVA SUR AUTRES BIEN ET SERVICE			x	20180930	PARTNER01	50,00	0,00	AA		20190725		
ACH	ACHATS	ACH000009	20180930	40100000	FOURNISSEURS DIVERS	PAR 01	PARTNER01	x	20180930	PARTNER01	0,00	300,00	AB		20190725		
SA	SALAIRES	SA000001	20180930	64110000	SALAIRES APOINTEMENTS			x	20180930	SALAIRE 09-18	4986,30	0,00			20190725		
SA	SALAIRES	SA000001	20180930	64510000	COTISATIONS URSAAF			x	20180930	COTISATION URSAAF 09-18	1043,61	0,00			20190725		
SA	SALAIRES	SA000001	20180930	64530000	CAISSE DE RETRAITES			x	20180930	RETRAITE 09-18	117,10	0,00			20190725		
SA	SALAIRES	SA000001	20180930	64550000	PREVOYANCES			x	20180930	PREVOYANCE 09-18	4,95	0,00			20190725		
SA	SALAIRES	SA000001	20180930	43100000	SECURITE SOCIAL			x	20180930	BEARAF 09-18	0,00	1551,06	AC		20190725		
SA	SALAIRES	SA000001	20180930	43700000	AUTRES ORGANISMES SOCIAUX			x	20180930	RELONELY AGIRC/ARRCO 09-18	0,00	189,88	AA		20190725		
SA	SALAIRES	SA000001	20180930	43700000	AUTRES ORGANISMES SOCIAUX			x	20180930	CALVIN PREVOYANCE 09-18	0,00	8,24	AA		20190725		
SA	SALAIRES	SA000001	20180930	45500000	CPT COURANTS DE L ASSOCIE			x	20180930	REMUNERATION DUES 09-18	0,00	4402,78			20190725		
BQ	BQ 552	BQ000004	20181004	45500000	CPT COURANTS DE L ASSOCIE			x	20181004	VIR DE 50 000,00EUR	0,00	50000,00			20190725		
BQ	BQ 552	BQ000004	20181004	51200000	BANQUE 124			x	20181004	VIR DE 50 000,00EUR	50000,00	0,00			20190725		
BQ	BQ 552	BQ000005	20181005	62700000	SERVICES BANCAIRE ET ASSIMILES			x	20181005	ARRETE 3 EME TRIMESTRE 2018	40,00	0,00			20190725		
BQ	BQ 552	BQ000005	20181005	51200000	BANQUE 124			x	20181005	ARRETE 3 EME TRIMESTRE 2018	0,00	40,00			20190725		
BQ	BQ 552	BQ000006	20181008	62700000	SERVICES BANCAIRE ET ASSIMILES			x	20181008	COTIS BANQUE 123	12,00	0,00			20190725		
BQ	BQ 552	BQ000006	20181008	51200000	BANQUE 124			x	20181008	COTIS BANQUE 123	0,00	12,00			20190725		
ACH	ACHATS	ACH000010	20181009	62510000	VOYAGES ET DEPLACEMENT			x	20181009	FLIGHT PARIS TO HAMBOUG	306,97	0,00			20190725		
ACH	ACHATS	ACH000010	20181009	46700000	CARTE BLEUE			x	20181009	FLIGHT PARIS TO HAMBOUG	0,00	306,97	AA		20190725		
ACH	ACHATS	ACH000011	20181011	61320000	LOCATIONS PARTNER01			x	20181011	PARTNER01	255,39	0,00			20190725		
ACH	ACHATS	ACH000011	20181011	44566000	TVA SUR AUTRES BIEN ET SERVICE			x	20181011	PARTNER01	51,08	0,00	AA		20190725		
ACH	ACHATS	ACH000011	20181011	40100000	FOURNISSEURS DIVERS	PAR 01	PARTNER01	x	20181011	PARTNER01	0,00	306,47	AB		20190725		
ACH	ACHATS	ACH000012	20181012	62260000	HONORAIRES			x	20181012	COMPTA SEPTEMBRE 18	364,00	0,00			20190725		
ACH	ACHATS	ACH000012	20181012	44566000	TVA SUR AUTRES BIEN ET SERVICE			x	20181012	COMPTA SEPTEMBRE 18	72,80	0,00	AA		20190725		
ACH	ACHATS	ACH000012	20181012	40100000	FOURNISSEURS DIVERS	124SOL	124 SOLUTION	x	20181012	COMPTA SEPTEMBRE 18	0,00	436,80	AA		20190725		
BQ	BQ 552	BQ000007	20181012	62700000	SERVICES BANCAIRE ET ASSIMILES			x	20181012	COTIS VISA BUSINESS DD	55,00	0,00			20190725		
BQ	BQ 552	BQ000007	20181012	51200000	BANQUE 124			x	20181012	COTIS VISA BUSINESS DD	0,00	55,00			20190725		
BQ	BQ 552	BQ000008	20181016	43100000	SECURITE SOCIAL			x	20181016	PRLV SEPA BEARAF 544	1529,00	0,00	AC		20190725		
BQ	BQ 552	BQ000008	20181016	51200000	BANQUE 124			x	20181016	PRLV SEPA BEARAF 544	0,00	1529,00			20190725		
BQ	BQ 552	BQ000009	20181017	21820000	MATERIEL DE TRANSPORT			x	20181017	NITRILIO	1000,00	0,00			20190725		
BQ	BQ 552	BQ000009	20181017	51200000	BANQUE 124			x	20181017	NITRILIO	0,00	1000,00			20190725		
BQ	BQ 552	BQ000010	20181018	21820000	MATERIEL DE TRANSPORT			x	20181018	NITRILIO	17452,76	0,00			20190725		
BQ	BQ 552	BQ000010	20181018	51200000	BANQUE 124			x	20181018	NITRILIO	0,00	17452,76			20190725		
BQ	BQ 552	BQ000011	20181018	62700000	SERVICES BANCAIRE ET ASSIMILES			x	20181018	COTIS CARTE PASS CYBER	18,50	0,00			20190725		
BQ	BQ 552	BQ000011	20181018	51200000	BANQUE 124			x	20181018	COTIS CARTE PASS CYBER	0,00	18,50			20190725		
ACH	ACHATS	ACH000013	20181019	62510000	VOYAGES ET DEPLACEMENT			x	20181019	EASY GET	50,00	0,00			20190725		
ACH	ACHATS	ACH000013	20181019	46700000	CARTE BLEUE			x	20181019	EASY GET	0,00	50,00	AA		20190725		
ACH	ACHATS	ACH000014	20181019	62510000	VOYAGES ET DEPLACEMENT			x	20181019	RATP RER B MASSY	13,10	0,00			20190725		
ACH	ACHATS	ACH000014	20181019	46700000	CARTE BLEUE			x	20181019	RATP RER B MASSY	0,00	13,10	AA		20190725		
ACH	ACHATS	ACH000015	20181019	62510000	VOYAGES ET DEPLACEMENT			x	20181019	ULTRA	10,24	0,00			20190725		
ACH	ACHATS	ACH000015	20181019	46700000	CARTE BLEUE			x	20181019	ULTRA	0,00	10,24	AA		20190725		
ACH	ACHATS	ACH000016	20181023	62510000	VOYAGES ET DEPLACEMENT			x	20181023	LOSING AUTOROUTES	38,70	0,00			20190725		
ACH	ACHATS	ACH000016	20181023	46700000	CARTE BLEUE			x	20181023	LOSING AUTOROUTES	0,00	38,70	AA		20190725		
ACH	ACHATS	ACH000017	20181023	62510000	VOYAGES ET DEPLACEMENT			x	20181023	EXXO STATION SERVICE	104,34	0,00			20190725		
ACH	ACHATS	ACH000017	20181023	46700000	CARTE BLEUE			x	20181023	EXXO STATION SERVICE	0,00	104,34	AA		20190725		
ACH	ACHATS	ACH000018	20181023	62510000	VOYAGES ET DEPLACEMENT			x	20181023	RETRAIT ECORP	20,00	0,00			20190725		
ACH	ACHATS	ACH000018	20181023	62510000	VOYAGES ET DEPLACEMENT			x	20181023	RETRAIT ECORP	0,00	20,00			20190725		
ACH	ACHATS	ACH000019	20181023	62570000	RECEPTIONS			x	20181023	LUNCH MILAN	12,60	0,00			20190725		
ACH	ACHATS	ACH000019	20181023	46700000	CARTE BLEUE			x	20181023	LUNCH MILAN	0,00	12,60	AA		20190725		
ACH	ACHATS	ACH000020	20181023	62510000	VOYAGES ET DEPLACEMENT			x	20181023	ULTRA	9,71	0,00			20190725		
ACH	ACHATS	ACH000020	20181023	46700000	CARTE BLEUE			x	20181023	ULTRA	0,00	9,71	AA		20190725		
ACH	ACHATS	ACH000021	20181023	62510000	VOYAGES ET DEPLACEMENT			x	20181023	SNCF CLAIREMONS IRONAND	61,00	0,00			20190725		
ACH	ACHATS	ACH000021	20181023	46700000	CARTE BLEUE			x	20181023	SNCF CLAIREMONS IRONAND	0,00	61,00	AA		20190725		
ACH	ACHATS	ACH000022	20181023	62510000	VOYAGES ET DEPLACEMENT			x	20181023	RATP MASSY	5,20	0,00			20190725		
ACH	ACHATS	ACH000022	20181023	46700000	CARTE BLEUE			x	20181023	RATP MASSY	0,00	5,20	AA		20190725		
BQ	BQ 552	BQ000012	20181023	58000000	VIREMENT INTERNE			x	20181023	RET DAB MAX VILLEFAINT	20,00	0,00	AA		20190725		
BQ	BQ 552	BQ000012	20181023	51200000	BANQUE 124			x	20181023	RET DAB MAX VILLEFAINT	0,00	20,00			20190725		
OD	OPERATIONS DIVERSES	OD 000001	20181023	62510000	VOYAGES ET DEPLACEMENT			x	20181023	RETRAIT ECORP	20,00	0,00			20190725		
OD	OPERATIONS DIVERSES	OD 000001	20181023	58000000	VIREMENT INTERNE			x	20181023	RETRAIT ECORP	0,00	20,00	AA		20190725		
ACH	ACHATS	ACH000023	20181024	60225000	FOURNITURES DE BUREAU			x	20181024	STAMP FOR FENCH OFFICE	38,71	0,00			20190725		
ACH	ACHATS	ACH000023	20181024	44566000	TVA SUR AUTRES BIEN ET SERVICE			x	20181024	STAMP FOR FENCH OFFICE	7,74	0,00	AA		20190725		
ACH	ACHATS	ACH000023	20181024	46700000	CARTE BLEUE			x	20181024	STAMP FOR FENCH OFFICE	0,00	46,45	AA		20190725		
ACH	ACHATS	ACH000024	20181025	62560000	MISSIONS			x	20181025	ANYARAT 632  HANNOVER	70,00	0,00			20190725		
ACH	ACHATS	ACH000024	20181025	46700000	CARTE BLEUE			x	20181025	ANYARAT 632  HANNOVER	0,00	70,00	AA		20190725		
ACH	ACHATS	ACH000025	20181025	62510000	VOYAGES ET DEPLACEMENT			x	20181025	TAXI SOLITAIRE 221	17,80	0,00			20190725		
ACH	ACHATS	ACH000025	20181025	46700000	CARTE BLEUE			x	20181025	TAXI SOLITAIRE 221	0,00	17,80	AA		20190725		
ACH	ACHATS	ACH000026	20181025	62510000	VOYAGES ET DEPLACEMENT			x	20181025	RATP MASSY RER	13,10	0,00			20190725		
ACH	ACHATS	ACH000026	20181025	46700000	CARTE BLEUE			x	20181025	RATP MASSY RER	0,00	13,10	AA		20190725		
ACH	ACHATS	ACH000027	20181025	62570000	RECEPTIONS			x	20181025	MAX GASTROPUG 131	2,70	0,00			20190725		
ACH	ACHATS	ACH000027	20181025	46700000	CARTE BLEUE			x	20181025	MAX GASTROPUG 131	0,00	2,70	AA		20190725		
ACH	ACHATS	ACH000028	20181025	62510000	VOYAGES ET DEPLACEMENT			x	20181025	ULTRA	9,12	0,00			20190725		
ACH	ACHATS	ACH000028	20181025	46700000	CARTE BLEUE			x	20181025	ULTRA	0,00	9,12	AA		20190725		
ACH	ACHATS	ACH000029	20181026	62510000	VOYAGES ET DEPLACEMENT			x	20181026	RATP ROISSY	13,10	0,00			20190725		
ACH	ACHATS	ACH000029	20181026	46700000	CARTE BLEUE			x	20181026	RATP ROISSY	0,00	13,10	AA		20190725		
ACH	ACHATS	ACH000030	20181026	62510000	VOYAGES ET DEPLACEMENT			x	20181026	ULTRA	9,87	0,00			20190725		
ACH	ACHATS	ACH000030	20181026	46700000	CARTE BLEUE			x	20181026	ULTRA	0,00	9,87	AA		20190725		
ACH	ACHATS	ACH000031	20181026	62510000	VOYAGES ET DEPLACEMENT			x	20181026	TAXI TO MESSE	17,10	0,00			20190725		
ACH	ACHATS	ACH000031	20181026	46700000	CARTE BLEUE			x	20181026	TAXI TO MESSE	0,00	17,10	AA		20190725		
SA	SALAIRES	SA000002	20181030	64110000	SALAIRES APOINTEMENTS			x	20181030	SALAIRE 10-18	5416,67	0,00			20190725		
SA	SALAIRES	SA000002	20181030	64510000	COTISATIONS URSAAF			x	20181030	COTISATION BEARAF 10-18	1797,55	0,00			20190725		
SA	SALAIRES	SA000002	20181030	64530000	CAISSE DE RETRAITES			x	20181030	RETRAITE 10-18	1090,58	0,00			20190725		
SA	SALAIRES	SA000002	20181030	64550000	PREVOYANCES			x	20181030	PREVOYANCE 10-18	115,84	0,00			20190725		
SA	SALAIRES	SA000002	20181030	64520000	MUTUELLES			x	20181030	MUTUELLES 10-18	32,12	0,00			20190725		
SA	SALAIRES	SA000002	20181030	43100000	SECURITE SOCIAL			x	20181030	BEARAF 10-18	0,00	2578,26	AC		20190725		
SA	SALAIRES	SA000002	20181030	43700000	AUTRES ORGANISMES SOCIAUX			x	20181030	RELONELY AGIRC/AGRRO 10-18	0,00	1774,67	AA		20190725		
SA	SALAIRES	SA000002	20181030	43700000	AUTRES ORGANISMES SOCIAUX			x	20181030	CALVIN PREVOYANCE 10-18	0,00	182,01	AA		20190725		
SA	SALAIRES	SA000002	20181030	43700000	AUTRES ORGANISMES SOCIAUX			x	20181030	MUTUELLES 10-18	0,00	64,24	AA		20190725		
SA	SALAIRES	SA000002	20181030	42100000	PERSONNEL REMUNERATION DUES			x	20181030	REMUNERATION DUES 10-18	0,00	3853,58	AA		20190725		
BQ	BQ 552	BQ000013	20181031	46700000	CARTE BLEUE			x	20181031	CARTE FACTURETTES CB	438,57	0,00	AA		20190725		
BQ	BQ 552	BQ000013	20181031	51200000	BANQUE 124			x	20181031	CARTE FACTURETTES CB	0,00	438,57			20190725		
ACH	ACHATS	ACH000032	20181101	61320000	LOCATIONS PARTNER01			x	20181101	MISE A DISPO DE BUREAU PARTNER01	823,50	0,00			20190725		
ACH	ACHATS	ACH000032	20181101	61320000	LOCATIONS PARTNER01			x	20181101	DOMICILIATION	37,50	0,00			20190725		
ACH	ACHATS	ACH000032	20181101	44566000	TVA SUR AUTRES BIEN ET SERVICE			x	20181101	DOMICILIATION	172,20	0,00	AA		20190725		
ACH	ACHATS	ACH000032	20181101	40100000	FOURNISSEURS DIVERS	PAR 01	PARTNER01	x	20181101	DOMICILIATION	0,00	1033,20	AA		20190725		
BQ	BQ 552	BQ000014	20181102	40100000	FOURNISSEURS DIVERS	08DIVERS	DIVER	x	20181102	Thomas 432	719,84	0,00	AU		20190725		
BQ	BQ 552	BQ000014	20181102	51200000	BANQUE 124			x	20181102	Thomas 432	0,00	719,84			20190725		
BQ	BQ 552	BQ000015	20181102	40100000	FOURNISSEURS DIVERS	08DIVERS	DIVER	x	20181102	Thomas 432	1112,49	0,00	AU		20190725		
BQ	BQ 552	BQ000015	20181102	51200000	BANQUE 124			x	20181102	Thomas 432	0,00	1112,49			20190725		
BQ	BQ 552	BQ000016	20181102	42100000	PERSONNEL REMUNERATION DUES			x	20181102	Thomas 432	3853,58	0,00	AA		20190725		
BQ	BQ 552	BQ000016	20181102	51200000	BANQUE 124			x	20181102	Thomas 432	0,00	3853,58			20190725		
ACH	ACHATS	ACH000033	20181106	60630000	FOURNITURES ET PETIT EQUIPEMEN			x	20181106	C DISCOUNT	144,97	0,00			20190725		
ACH	ACHATS	ACH000033	20181106	44566000	TVA SUR AUTRES BIEN ET SERVICE			x	20181106	C DISCOUNT	29,00	0,00	AA		20190725		
ACH	ACHATS	ACH000033	20181106	40100000	FOURNISSEURS DIVERS	08DIVERS	DIVER	x	20181106	C DISCOUNT	0,00	173,97	AU		20190725		
BQ	BQ 552	BQ000017	20181106	40100000	FOURNISSEURS DIVERS	124SOL	124 SOLUTION	x	20181106	124 Solution	436,80	0,00	AA		20190725		
BQ	BQ 552	BQ000017	20181106	51200000	BANQUE 124			x	20181106	124 Solution	0,00	436,80			20190725		
BQ	BQ 552	BQ000018	20181106	61320000	LOCATIONS PARTNER01			x	20181106	SARL PARTNER01	65,55	0,00			20190725		
BQ	BQ 552	BQ000018	20181106	51200000	BANQUE 124			x	20181106	SARL PARTNER01	0,00	65,55			20190725		
BQ	BQ 552	BQ000019	20181106	40100000	FOURNISSEURS DIVERS	PAR 01	PARTNER01	x	20181106	SARL PARTNER01	306,47	0,00	AB		20190725		
BQ	BQ 552	BQ000019	20181106	51200000	BANQUE 124			x	20181106	SARL PARTNER01	0,00	306,47			20190725		
BQ	BQ 552	BQ000020	20181106	40100000	FOURNISSEURS DIVERS	08DIVERS	DIVER	x	20181106	FRANCIS DEPOT	396,00	0,00	AU		20190725		
BQ	BQ 552	BQ000020	20181106	51200000	BANQUE 124			x	20181106	FRANCIS DEPOT	0,00	396,00			20190725		
ACH	ACHATS	ACH000034	20181107	62510000	VOYAGES ET DEPLACEMENT			x	20181107	TUNNEL LIEKENSHOEH	4,95	0,00			20190725		
ACH	ACHATS	ACH000034	20181107	40100000	FOURNISSEURS DIVERS	08DIVERS	DIVER	x	20181107	TUNNEL LIEKENSHOEH	0,00	4,95	AU		20190725		
ACH	ACHATS	ACH000035	20181108	62510000	VOYAGES ET DEPLACEMENT			x	20181108	TUNNEL LIEKENSHOEH	4,95	0,00			20190725		
ACH	ACHATS	ACH000035	20181108	40100000	FOURNISSEURS DIVERS	08DIVERS	DIVER	x	20181108	TUNNEL LIEKENSHOEH	0,00	4,95	AU		20190725		
ACH	ACHATS	ACH000036	20181108	62560000	MISSIONS			x	20181108	HOTEL EXTRALONG	92,50	0,00			20190725		
ACH	ACHATS	ACH000036	20181108	63500000	AUTRES IMPOTS TAXES ET VERSEMN			x	20181108	HOTEL EXTRALONG	1,25	0,00			20190725		
ACH	ACHATS	ACH000036	20181108	40100000	FOURNISSEURS DIVERS	08DIVERS	DIVER	x	20181108	HOTEL EXTRALONG	0,00	93,75	AU		20190725		
ACH	ACHATS	ACH000037	20181108	62510000	VOYAGES ET DEPLACEMENT			x	20181108	ENI STATTION RESSONS	118,01	0,00			20190725		
ACH	ACHATS	ACH000037	20181108	40100000	FOURNISSEURS DIVERS	08DIVERS	DIVER	x	20181108	ENI STATTION RESSONS	0,00	118,01	AU		20190725		
BQ	BQ 552	BQ000021	20181108	62700000	SERVICES BANCAIRE ET ASSIMILES			x	20181108	COTIS BANQUE 123	12,00	0,00			20190725		
BQ	BQ 552	BQ000021	20181108	51200000	BANQUE 124			x	20181108	COTIS BANQUE 123	0,00	12,00			20190725		
ACH	ACHATS	ACH000038	20181112	62260000	HONORAIRES			x	20181112	ACCOMPTE TRAITEMENT OCTOBRE	63,00	0,00			20190725		
ACH	ACHATS	ACH000038	20181112	44566000	TVA SUR AUTRES BIEN ET SERVICE			x	20181112	ACCOMPTE TRAITEMENT OCTOBRE	12,60	0,00	AA		20190725		
ACH	ACHATS	ACH000038	20181112	40100000	FOURNISSEURS DIVERS	124SOL	124 SOLUTION	x	20181112	ACCOMPTE TRAITEMENT OCTOBRE	0,00	75,60	AB		20190725		
ACH	ACHATS	ACH000039	20181112	62510000	VOYAGES ET DEPLACEMENT			x	20181112	INTERMARCHE ETRANGX 1	95,01	0,00			20190725		
ACH	ACHATS	ACH000039	20181112	40100000	FOURNISSEURS DIVERS	08DIVERS	DIVER	x	20181112	INTERMARCHE ETRANGX 1	0,00	95,01	AU		20190725		
ACH	ACHATS	ACH000040	20181112	62570000	RECEPTIONS			x	20181112	LUNCH CARTFIVE MARKET	11,80	0,00			20190725		
ACH	ACHATS	ACH000040	20181112	40100000	FOURNISSEURS DIVERS	08DIVERS	DIVER	x	20181112	LUNCH CARTFIVE MARKET	0,00	11,80	AU		20190725		
ACH	ACHATS	ACH000041	20181112	62560000	MISSIONS			x	20181112	CHEZ CAMERA 33 HOTEL	79,80	0,00			20190725		
ACH	ACHATS	ACH000041	20181112	46700000	CARTE BLEUE			x	20181112	CHEZ CAMERA 33 HOTEL	0,00	79,80	AA		20190725		
BQ	BQ 552	BQ000022	20181112	62700000	SERVICES BANCAIRE ET ASSIMILES			x	20181112	COTIS CARTE PASS CYBER	18,50	0,00			20190725		
BQ	BQ 552	BQ000022	20181112	51200000	BANQUE 124			x	20181112	COTIS CARTE PASS CYBER	0,00	18,50			20190725		
ACH	ACHATS	ACH000042	20181113	27510000	DEPOTS			x	20181113	DEPOT DE GARANTIE PARTNER01 CENT	1098,00	0,00			20190725		
ACH	ACHATS	ACH000042	20181113	40100000	FOURNISSEURS DIVERS	PAR 01	PARTNER01	x	20181113	DEPOT DE GARANTIE PARTNER01 CENT	0,00	1098,00	AA		20190725		
ACH	ACHATS	ACH000043	20181113	62570000	RECEPTIONS			x	20181113	MARK CHICKEN	53,10	0,00			20190725		
ACH	ACHATS	ACH000043	20181113	40100000	FOURNISSEURS DIVERS	08DIVERS	DIVER	x	20181113	MARK CHICKEN	0,00	53,10	AU		20190725		
ACH	ACHATS	ACH000044	20181114	62560000	MISSIONS			x	20181114	HOTEL LA SAUVENT	128,20	0,00			20190725		
ACH	ACHATS	ACH000044	20181114	40100000	FOURNISSEURS DIVERS	08DIVERS	DIVER	x	20181114	HOTEL LA SAUVENT	0,00	128,20	AU		20190725		
ACH	ACHATS	ACH000045	20181114	62510000	VOYAGES ET DEPLACEMENT			x	20181114	STATION BELL TAPONAS	116,31	0,00			20190725		
ACH	ACHATS	ACH000045	20181114	40100000	FOURNISSEURS DIVERS	08DIVERS	DIVER	x	20181114	STATION BELL TAPONAS	0,00	116,31	AU		20190725		
ACH	ACHATS	ACH000046	20181115	60640000	FOURNITURES ADMINISTRATIVES			x	20181115	MY TRANSLATION	252,56	0,00			20190725		
ACH	ACHATS	ACH000046	20181115	40100000	FOURNISSEURS DIVERS	08DIVERS	DIVER	x	20181115	MY TRANSLATION	0,00	252,56	AU		20190725		
ACH	ACHATS	ACH000047	20181115	62570000	RECEPTIONS			x	20181115	BOULANGERIE PATISSERIE	7,60	0,00			20190725		
ACH	ACHATS	ACH000047	20181115	40100000	FOURNISSEURS DIVERS	08DIVERS	DIVER	x	20181115	BOULANGERIE PATISSERIE	0,00	7,60	AU		20190725		
ACH	ACHATS	ACH000048	20181115	60225000	FOURNITURES DE BUREAU			x	20181115	STAMP FOR UK TAMPON CHRONO	38,21	0,00			20190725		
ACH	ACHATS	ACH000048	20181115	44566000	TVA SUR AUTRES BIEN ET SERVICE			x	20181115	STAMP FOR UK TAMPON CHRONO	7,64	0,00	AA		20190725		
ACH	ACHATS	ACH000048	20181115	40100000	FOURNISSEURS DIVERS	08DIVERS	DIVER	x	20181115	STAMP FOR UK TAMPON CHRONO	0,00	45,85	AU		20190725		
ACH	ACHATS	ACH000049	20181116	60630000	FOURNITURES ET PETIT EQUIPEMEN			x	20181116	ESPACEX SFR	309,17	0,00			20190725		
ACH	ACHATS	ACH000049	20181116	44566000	TVA SUR AUTRES BIEN ET SERVICE			x	20181116	ESPACEX SFR	61,83	0,00	AA		20190725		
ACH	ACHATS	ACH000049	20181116	40100000	FOURNISSEURS DIVERS	08DIVERS	DIVER	x	20181116	ESPACEX SFR	0,00	371,00	AU		20190725		
BQ	BQ 552	BQ000023	20181116	43100000	SECURITE SOCIAL			x	20181116	PRLV SEPA BEARAF 544	2584,00	0,00	AC		20190725		
BQ	BQ 552	BQ000023	20181116	51200000	BANQUE 124			x	20181116	PRLV SEPA BEARAF 544	0,00	2584,00			20190725		
BQ	BQ 552	BQ000024	20181116	43100000	SECURITE SOCIAL			x	20181116	PRLV SEPA BEARAF 544	18,00	0,00	AC		20190725		
BQ	BQ 552	BQ000024	20181116	51200000	BANQUE 124			x	20181116	PRLV SEPA BEARAF 544	0,00	18,00			20190725		
BQ	BQ 552	BQ000025	20181116	40100000	FOURNISSEURS DIVERS	PAR 01	PARTNER01	x	20181116	SARL PARTNER01	300,00	0,00	AB		20190725		
BQ	BQ 552	BQ000025	20181116	51200000	BANQUE 124			x	20181116	SARL PARTNER01	0,00	300,00			20190725		
OD	OPERATIONS DIVERSES	OD 000002	20181116	43100000	SECURITE SOCIAL			x	20181116	Diff�rence lettrage	0,00	1,68	AC		20190725		
OD	OPERATIONS DIVERSES	OD 000002	20181116	64510000	COTISATIONS URSAAF			x	20181116	Diff�rence lettrage	1,68	0,00			20190725		
ACH	ACHATS	ACH000050	20181119	62510000	VOYAGES ET DEPLACEMENT			x	20181119	ULTRA	10,33	0,00			20190725		
ACH	ACHATS	ACH000050	20181119	40100000	FOURNISSEURS DIVERS	08DIVERS	DIVER	x	20181119	ULTRA	0,00	10,33	AU		20190725		
ACH	ACHATS	ACH000051	20181119	62510000	VOYAGES ET DEPLACEMENT			x	20181119	RATP MASSY	13,10	0,00			20190725		
ACH	ACHATS	ACH000051	20181119	40100000	FOURNISSEURS DIVERS	08DIVERS	DIVER	x	20181119	RATP MASSY	0,00	13,10	AU		20190725		
ACH	ACHATS	ACH000052	20181119	62570000	RECEPTIONS			x	20181119	EPIGO SAS	18,80	0,00			20190725		
ACH	ACHATS	ACH000052	20181119	40100000	FOURNISSEURS DIVERS	08DIVERS	DIVER	x	20181119	EPIGO SAS	0,00	18,80	AU		20190725		
BQ	BQ 552	BQ000026	20181120	46700000	CARTE BLEUE			x	20181120	PRLV SEPA AUTOROUTES DU	29,00	0,00	AA		20190725		
BQ	BQ 552	BQ000026	20181120	51200000	BANQUE 124			x	20181120	PRLV SEPA AUTOROUTES DU	0,00	29,00			20190725		
ACH	ACHATS	ACH000053	20181123	62510000	VOYAGES ET DEPLACEMENT			x	20181123	RATP MASSY	13,10	0,00			20190725		
ACH	ACHATS	ACH000053	20181123	40100000	FOURNISSEURS DIVERS	08DIVERS	DIVER	x	20181123	RATP MASSY	0,00	13,10	AU		20190725		
ACH	ACHATS	ACH000054	20181123	62510000	VOYAGES ET DEPLACEMENT			x	20181123	ULTRA	10,43	0,00			20190725		
ACH	ACHATS	ACH000054	20181123	40100000	FOURNISSEURS DIVERS	08DIVERS	DIVER	x	20181123	ULTRA	0,00	10,43	AU		20190725		
BQ	BQ 552	BQ000027	20181123	40100000	FOURNISSEURS DIVERS	08DIVERS	DIVER	x	20181123	211118 CB****8537	0,00	0,01	AU		20190725		
BQ	BQ 552	BQ000027	20181123	51200000	BANQUE 124			x	20181123	211118 CB****8537	0,01	0,00			20190725		
ACH	ACHATS	ACH000055	20181126	62510000	VOYAGES ET DEPLACEMENT			x	20181126	STATION BELL	109,00	0,00			20190725		
ACH	ACHATS	ACH000055	20181126	40100000	FOURNISSEURS DIVERS	08DIVERS	DIVER	x	20181126	STATION BELL	0,00	109,00	AU		20190725		
ACH	ACHATS	ACH000056	20181126	62510000	VOYAGES ET DEPLACEMENT			x	20181126	STTIONNEMENT	0,70	0,00			20190725		
ACH	ACHATS	ACH000056	20181126	40100000	FOURNISSEURS DIVERS	08DIVERS	DIVER	x	20181126	STTIONNEMENT	0,00	0,70	AU		20190725		
ACH	ACHATS	ACH000057	20181126	62570000	RECEPTIONS			x	20181126	L'OLIVE OIL	23,20	0,00			20190725		
ACH	ACHATS	ACH000057	20181126	40100000	FOURNISSEURS DIVERS	08DIVERS	DIVER	x	20181126	L'OLIVE OIL	0,00	23,20	AU		20190725		
ACH	ACHATS	ACH000058	20181126	62570000	RECEPTIONS			x	20181126	LE BISTROT 554	15,00	0,00			20190725		
ACH	ACHATS	ACH000058	20181126	40100000	FOURNISSEURS DIVERS	08DIVERS	DIVER	x	20181126	LE BISTROT 554	0,00	15,00	AU		20190725		
BQ	BQ 552	BQ000028	20181126	40100000	FOURNISSEURS DIVERS	124SOL	124 SOLUTION	x	20181126	124 Solution	75,60	0,00	AB		20190725		
BQ	BQ 552	BQ000028	20181126	51200000	BANQUE 124			x	20181126	124 Solution	0,00	75,60			20190725		
ACH	ACHATS	ACH000059	20181127	62560000	MISSIONS			x	20181127	HOTEL LATERAL PARK	84,00	0,00			20190725		
ACH	ACHATS	ACH000059	20181127	63500000	AUTRES IMPOTS TAXES ET VERSEMN			x	20181127	HOTEL LATERAL PARK TAXE SEJOUR	2,47	0,00			20190725		
ACH	ACHATS	ACH000059	20181127	40100000	FOURNISSEURS DIVERS	08DIVERS	DIVER	x	20181127	HOTEL LATERAL	0,00	86,47	AU		20190725		
ACH	ACHATS	ACH000060	20181127	62570000	RECEPTIONS			x	20181127	FATDO DT24	14,60	0,00			20190725		
ACH	ACHATS	ACH000060	20181127	40100000	FOURNISSEURS DIVERS	08DIVERS	DIVER	x	20181127	FATDO DT24	0,00	14,60	AU		20190725		
ACH	ACHATS	ACH000061	20181128	62560000	MISSIONS			x	20181128	HOTEL 2 EYES	102,70	0,00			20190725		
ACH	ACHATS	ACH000061	20181128	63500000	AUTRES IMPOTS TAXES ET VERSEMN			x	20181128	HOTEL 2 EYES	1,00	0,00			20190725		
ACH	ACHATS	ACH000061	20181128	40100000	FOURNISSEURS DIVERS	08DIVERS	DIVER	x	20181128	HOTEL 2 EYES	0,00	103,70	AU		20190725		
ACH	ACHATS	ACH000062	20181128	62570000	RECEPTIONS			x	20181128	BRASSERIE MIDNIGHT	12,00	0,00			20190725		
ACH	ACHATS	ACH000062	20181128	40100000	FOURNISSEURS DIVERS	08DIVERS	DIVER	x	20181128	BRASSERIE MIDNIGHT	0,00	12,00	AU		20190725		
BQ	BQ 552	BQ000029	20181128	40100000	FOURNISSEURS DIVERS	PAR 01	PARTNER01	x	20181128	SARL PARTNER01	49,80	0,00	AA		20190725		
BQ	BQ 552	BQ000029	20181128	51200000	BANQUE 124			x	20181128	SARL PARTNER01	0,00	49,80			20190725		
BQ	BQ 552	BQ000030	20181128	40100000	FOURNISSEURS DIVERS	PAR 01	PARTNER01	x	20181128	SARL PARTNER01	1033,20	0,00	AA		20190725		
BQ	BQ 552	BQ000030	20181128	51200000	BANQUE 124			x	20181128	SARL PARTNER01	0,00	1033,20			20190725		
BQ	BQ 552	BQ000031	20181128	40100000	FOURNISSEURS DIVERS	PAR 01	PARTNER01	x	20181128	SARL PARTNER01	1098,00	0,00	AA		20190725		
BQ	BQ 552	BQ000031	20181128	51200000	BANQUE 124			x	20181128	SARL PARTNER01	0,00	1098,00			20190725		
SA	SALAIRES	SA000003	20181130	64110000	SALAIRES APOINTEMENTS			x	20181130	SALAIRE 11-18	5602,46	0,00			20190725		
SA	SALAIRES	SA000003	20181130	64510000	COTISATIONS URSAAF			x	20181130	COTISATION BEARAF 11-18	1945,20	0,00			20190725		
SA	SALAIRES	SA000003	20181130	64530000	CAISSE DE RETRAITES			x	20181130	RETRAITE 11-18	529,98	0,00			20190725		
SA	SALAIRES	SA000003	20181130	64550000	PREVOYANCES			x	20181130	PREVOYANCE11-18	72,47	0,00			20190725		
SA	SALAIRES	SA000003	20181130	64520000	MUTUELLES			x	20181130	MUTUELLES 11-18	32,12	0,00			20190725		
SA	SALAIRES	SA000003	20181130	43100000	SECURITE SOCIAL			x	20181130	BEARAF 11-18	0,00	2740,15	AA		20190725		
SA	SALAIRES	SA000003	20181130	43700000	AUTRES ORGANISMES SOCIAUX			x	20181130	RELONELY AGIRC/ARRCO 11-18	0,00	867,08	AA		20190725		
SA	SALAIRES	SA000003	20181130	43700000	AUTRES ORGANISMES SOCIAUX			x	20181130	CALVIN PREVOYANCE 11-18	0,00	95,27	AA		20190725		
SA	SALAIRES	SA000003	20181130	43700000	AUTRES ORGANISMES SOCIAUX			x	20181130	MUTUELLES 11-18	0,00	64,24	AA		20190725		
SA	SALAIRES	SA000003	20181130	42100000	PERSONNEL REMUNERATION DUES			x	20181130	REMUNERATION DUES 11-18	0,00	4229,70	AB		20190725		
SA	SALAIRES	SA000003	20181130	79100000	TRANSFERT DE CHARGES			x	20181130	AVANTAGE EN NATURE 11-18	0,00	185,79			20190725		
ACH	ACHATS	ACH000063	20181203	60610100	GAZOIL			x	20181203	GAZOLE	81,67	0,00			20190725		
ACH	ACHATS	ACH000063	20181203	44566000	TVA SUR AUTRES BIEN ET SERVICE			x	20181203	GAZOLE	16,34	0,00	AA		20190725		
ACH	ACHATS	ACH000063	20181203	46700000	CARTE BLEUE			x	20181203	GAZOLE	0,00	98,01	AA		20190725		
ACH	ACHATS	ACH000064	20181203	62510000	VOYAGES ET DEPLACEMENT			x	20181203	FLIGHT ESPRIT IN JANUARY	106,09	0,00			20190725		
ACH	ACHATS	ACH000064	20181203	46700000	CARTE BLEUE			x	20181203	FLIGHT ESPRIT IN JANUARY	0,00	106,09	AA		20190725		
ACH	ACHATS	ACH000065	20181203	62560000	MISSIONS			x	20181203	LUNCH	9,20	0,00			20190725		
ACH	ACHATS	ACH000065	20181203	46700000	CARTE BLEUE			x	20181203	LUNCH	0,00	9,20	AA		20190725		
ACH	ACHATS	ACH000066	20181203	62560000	MISSIONS			x	20181203	BOULANGERIE	8,30	0,00			20190725		
ACH	ACHATS	ACH000066	20181203	46700000	CARTE BLEUE			x	20181203	BOULANGERIE	0,00	8,30	AA		20190725		
ACH	ACHATS	ACH000067	20181203	61350000	LOCATION MOBILIERE			x	20181203	CAR RENTAL FOR ESPRIT WEEK	151,53	0,00			20190725		
ACH	ACHATS	ACH000067	20181203	46700000	CARTE BLEUE			x	20181203	CAR RENTAL FOR ESPRIT WEEK	0,00	151,53	AA		20190725		
ACH	ACHATS	ACH000068	20181203	62560000	MISSIONS			x	20181203	DINNER ON THE TOAD	6,90	0,00			20190725		
ACH	ACHATS	ACH000068	20181203	46700000	CARTE BLEUE			x	20181203	DINNER ON THE TOAD	0,00	6,90	AA		20190725		
ACH	ACHATS	ACH000069	20181203	60610100	GAZOIL			x	20181203	GAZOLE	77,46	0,00			20190725		
ACH	ACHATS	ACH000069	20181203	44566000	TVA SUR AUTRES BIEN ET SERVICE			x	20181203	GAZOLE	15,49	0,00	AA		20190725		
ACH	ACHATS	ACH000069	20181203	46700000	CARTE BLEUE			x	20181203	GAZOLE	0,00	92,95	AA		20190725		
ACH	ACHATS	ACH000070	20181203	62560000	MISSIONS			x	20181203	LUNCH	15,00	0,00			20190725		
ACH	ACHATS	ACH000070	20181203	46700000	CARTE BLEUE			x	20181203	LUNCH	0,00	15,00	AA		20190725		
BQ	BQ 552	BQ000032	20181203	46700000	CARTE BLEUE			x	20181203	CB	2197,96	0,00	AA		20190725		
BQ	BQ 552	BQ000032	20181203	51200000	BANQUE 124			x	20181203	CB	0,00	2197,96			20190725		
ACH	ACHATS	ACH000071	20181210	62570000	RECEPTIONS			x	20181210	LA BOUCHERIE	44,70	0,00			20190725		
ACH	ACHATS	ACH000071	20181210	44566000	TVA SUR AUTRES BIEN ET SERVICE			x	20181210	LA BOUCHERIE	4,95	0,00	AA		20190725		
ACH	ACHATS	ACH000071	20181210	46700000	CARTE BLEUE			x	20181210	LA BOUCHERIE	0,00	49,65	AA		20190725		
BQ	BQ 552	BQ000033	20181210	42100000	PERSONNEL REMUNERATION DUES			x	20181210	THOMAS 432	4229,70	0,00	AB		20190725		
BQ	BQ 552	BQ000033	20181210	51200000	BANQUE 124			x	20181210	THOMAS 432	0,00	4229,70			20190725		
ACH	ACHATS	ACH000072	20181211	62560000	MISSIONS			x	20181211	LE ACROPHONE	83,05	0,00			20190725		
ACH	ACHATS	ACH000072	20181211	46700000	CARTE BLEUE			x	20181211	LE ACROPHONE	0,00	83,05	AA		20190725		
ACH	ACHATS	ACH000073	20181211	62560000	MISSIONS			x	20181211	BOULANGERIE GROT SKY	12,55	0,00			20190725		
ACH	ACHATS	ACH000073	20181211	46700000	CARTE BLEUE			x	20181211	BOULANGERIE GROT SKY	0,00	12,55	AA		20190725		
ACH	ACHATS	ACH000074	20181211	62560000	MISSIONS			x	20181211	BOULANGERIE GROT SKY	3,75	0,00			20190725		
ACH	ACHATS	ACH000074	20181211	46700000	CARTE BLEUE			x	20181211	BOULANGERIE GROT SKY	0,00	3,75	AA		20190725		
ACH	ACHATS	ACH000075	20181211	62560000	MISSIONS			x	20181211	HOTEL KYEMIRATE LYON	240,30	0,00			20190725		
ACH	ACHATS	ACH000075	20181211	46700000	CARTE BLEUE			x	20181211	HOTEL KYEMIRATE LYON	0,00	240,30	AA		20190725		
BQ	BQ 552	BQ000034	20181211	62700000	SERVICES BANCAIRE ET ASSIMILES			x	20181211	BANQUE 123	12,00	0,00			20190725		
BQ	BQ 552	BQ000034	20181211	51200000	BANQUE 124			x	20181211	BANQUE 123	0,00	12,00			20190725		
ACH	ACHATS	ACH000076	20181212	62260000	HONORAIRES			x	20181212	ACOMPTE TRAITEMENT COMPTA NOV	63,00	0,00			20190725		
ACH	ACHATS	ACH000076	20181212	44566000	TVA SUR AUTRES BIEN ET SERVICE			x	20181212	ACOMPTE TRAITEMENT COMPTA NOV	12,60	0,00	AA		20190725		
ACH	ACHATS	ACH000076	20181212	40100000	FOURNISSEURS DIVERS	124SOL	124 SOLUTION	x	20181212	ACOMPTE TRAITEMENT COMPTA NOV	0,00	75,60	AC		20190725		
ACH	ACHATS	ACH000077	20181212	62570000	RECEPTIONS			x	20181212	HAPPY MICHELLE	14,50	0,00			20190725		
ACH	ACHATS	ACH000077	20181212	44566000	TVA SUR AUTRES BIEN ET SERVICE			x	20181212	HAPPY MICHELLE	0,80	0,00	AA		20190725		
ACH	ACHATS	ACH000077	20181212	46700000	CARTE BLEUE			x	20181212	HAPPY MICHELLE	0,00	15,30	AA		20190725		
ACH	ACHATS	ACH000078	20181212	60610100	GAZOIL			x	20181212	GAZOLE	91,51	0,00			20190725		
ACH	ACHATS	ACH000078	20181212	44566000	TVA SUR AUTRES BIEN ET SERVICE			x	20181212	GAZOLE	18,30	0,00	AA		20190725		
ACH	ACHATS	ACH000078	20181212	46700000	CARTE BLEUE			x	20181212	GAZOLE	0,00	109,81	AA		20190725		
ACH	ACHATS	ACH000079	20181217	60630000	FOURNITURES ET PETIT EQUIPEMEN			x	20181217	GENERIC FOURNITURES	30,60	0,00			20190725		
ACH	ACHATS	ACH000079	20181217	46700000	CARTE BLEUE			x	20181217	GENERIC FOURNITURES	0,00	30,60	AA		20190725		
ACH	ACHATS	ACH000080	20181217	62560000	MISSIONS			x	20181217	CHEZ 521 RESTAURANT	22,30	0,00			20190725		
ACH	ACHATS	ACH000080	20181217	46700000	CARTE BLEUE			x	20181217	CHEZ 521 RESTAURANT	0,00	22,30	AA		20190725		
BQ	BQ 552	BQ000035	20181219	43100000	SECURITE SOCIAL			x	20181219	BEARAF	2740,00	0,00	AA		20190725		
BQ	BQ 552	BQ000035	20181219	51200000	BANQUE 124			x	20181219	BEARAF	0,00	2740,00			20190725		
OD	OPERATIONS DIVERSES	OD 000003	20181219	43100000	SECURITE SOCIAL			x	20181219	Diff�rence lettrage	0,15	0,00	AA		20190725		
OD	OPERATIONS DIVERSES	OD 000003	20181219	64510000	COTISATIONS URSAAF			x	20181219	Diff�rence lettrage	0,00	0,15			20190725		
BQ	BQ 552	BQ000036	20181221	62510000	VOYAGES ET DEPLACEMENT			x	20181221	PRST AUTOROUTES	241,90	0,00			20190725		
BQ	BQ 552	BQ000036	20181221	51200000	BANQUE 124			x	20181221	PRST AUTOROUTES	0,00	241,90			20190725		
BQ	BQ 552	BQ000037	20181224	42100000	PERSONNEL REMUNERATION DUES			x	20181224	THOMAS 432	2467,79	0,00	AD		20190725		
BQ	BQ 552	BQ000037	20181224	51200000	BANQUE 124			x	20181224	THOMAS 432	0,00	2467,79			20190725		
BQ	BQ 552	BQ000038	20181224	40100000	FOURNISSEURS DIVERS	124SOL	124 SOLUTION	x	20181224	124 SOLUTION	75,60	0,00	AC		20190725		
BQ	BQ 552	BQ000038	20181224	51200000	BANQUE 124			x	20181224	124 SOLUTION	0,00	75,60			20190725		
BQ	BQ 552	BQ000039	20181224	40100000	FOURNISSEURS DIVERS	08DIVERS	DIVER	x	20181224	THOMAS 432	75,00	0,00	AU		20190725		
BQ	BQ 552	BQ000039	20181224	51200000	BANQUE 124			x	20181224	THOMAS 432	0,00	75,00			20190725		
OD	OPERATIONS DIVERSES	OD 000004	20181224	40100000	FOURNISSEURS DIVERS	08DIVERS	DIVER	x	20181224	Diff�rence lettrage	0,17	0,00	AU		20190725		
OD	OPERATIONS DIVERSES	OD 000004	20181224	75800000	PRODUITS DIVERS DE GESTION			x	20181224	Diff�rence lettrage	0,00	0,17			20190725		
ACH	ACHATS	ACH000081	20181226	62510000	VOYAGES ET DEPLACEMENT			x	20181226	ULTRA	32,22	0,00			20190725			
ACH	ACHATS	ACH000081	20181226	46700000	CARTE BLEUE			x	20181226	ULTRA	0,00	32,22	AA		20190725		
BQ	BQ 552	BQ000040	20181226	46700000	CARTE BLEUE			x	20181226	PRST SFR	50,42	0,00	AA		20190725		
BQ	BQ 552	BQ000040	20181226	51200000	BANQUE 124			x	20181226	PRST SFR	0,00	50,42			20190725		
ACH	ACHATS	ACH000082	20181228	62260000	HONORAIRES			x	20181228	CABINET BLEUE AVOCAT	645,00	0,00			20190725		
ACH	ACHATS	ACH000082	20181228	44566000	TVA SUR AUTRES BIEN ET SERVICE			x	20181228	CABINET BLEUE AVOCAT	129,00	0,00	AA		20190725		
ACH	ACHATS	ACH000082	20181228	46700000	CARTE BLEUE			x	20181228	CABINET BLEUE AVOCAT	0,00	774,00	AA		20190725		
SA	SALAIRES	SA000004	20181230	64110000	SALAIRES APOINTEMENTS			x	20181230	SALAIRE 12/18	3386,55	0,00			20190725		
SA	SALAIRES	SA000004	20181230	64510000	COTISATIONS URSAAF			x	20181230	COTISATION BEARAF 12-18	1074,29	0,00			20190725		
SA	SALAIRES	SA000004	20181230	64530000	CAISSE DE RETRAITES			x	20181230	RETRAITE 12-18	309,32	0,00			20190725		
SA	SALAIRES	SA000004	20181230	64550000	PREVOYANCES			x	20181230	PREVOYANCE 12-18	44,48	0,00			20190725		
SA	SALAIRES	SA000004	20181230	64520000	MUTUELLES			x	20181230	MUTUELLES	32,12	0,00			20190725		
SA	SALAIRES	SA000004	20181230	43100000	SECURITE SOCIAL			x	20181230	BEARAF 12-18	0,00	1565,40	AB		20190725		
SA	SALAIRES	SA000004	20181230	43700000	AUTRES ORGANISMES SOCIAUX			x	20181230	RELONELY AGIRC/ARRCO 12-18	0,00	506,62	AA		20190725		
SA	SALAIRES	SA000004	20181230	43700000	AUTRES ORGANISMES SOCIAUX			x	20181230	CALVIN PREVOYANCE 12-18	0,00	56,92	AA		20190725		
SA	SALAIRES	SA000004	20181230	43700000	AUTRES ORGANISMES SOCIAUX			x	20181230	MUTUELLES 12-18	0,00	64,24	AA		20190725		
SA	SALAIRES	SA000004	20181230	42100000	PERSONNEL REMUNERATION DUES			x	20181230	REMUNERATION DUES 12-18	0,00	2467,79	AD		20190725		
SA	SALAIRES	SA000004	20181230	79100000	TRANSFERT DE CHARGES			x	20181230	AVANTAGE EN NATURE 12-18	0,00	185,79			20190725		
ACH	ACHATS	ACH000083	20181231	61320000	LOCATIONS PARTNER01			x	20181231	PARTNER01 TEL ET AFFRANCHISSEMEN	20,86	0,00			20190725		
ACH	ACHATS	ACH000083	20181231	44566000	TVA SUR AUTRES BIEN ET SERVICE			x	20181231	PARTNER01 TEL ET AFFRANCHISSEMEN	4,17	0,00	AA		20190725		
ACH	ACHATS	ACH000083	20181231	40100000	FOURNISSEURS DIVERS	PAR 01	PARTNER01	x	20181231	PARTNER01 TEL ET AFFRANCHISSEMEN	0,00	25,03	AC		20190725		
OD	OPERATIONS DIVERSES	OD 000005	20181231	46700000	CARTE BLEUE			x	20181231	FRAIS DIVERS MISSIONS CB	0,00	616,05	AA		20190725		
OD	OPERATIONS DIVERSES	OD 000005	20181231	62510000	VOYAGES ET DEPLACEMENT			x	20181231	FRAIS DIVERS MISSIONS CB	616,05	0,00			20190725		
OD	OPERATIONS DIVERSES	OD 000006	20181231	44566000	TVA SUR AUTRES BIEN ET SERVICE			x	20181231	CA12 2018	0,00	900,84	AA		20190725		
OD	OPERATIONS DIVERSES	OD 000006	20181231	44567000	CREDIT DE TVA			x	20181231	CA12 2018	901,00	0,00			20190725		
OD	OPERATIONS DIVERSES	OD 000006	20181231	75800000	PRODUITS DIVERS DE GESTION			x	20181231	CA12 2018	0,00	0,16			20190725		
SA	SALAIRES	SA000005	20181231	43700000	AUTRES ORGANISMES SOCIAUX			x	20181231	HUMANIS	1793,14	0,00	AA		20190725		
SA	SALAIRES	SA000005	20181231	64530000	CAISSE DE RETRAITES			x	20181231	HUMANIS	0,00	1793,14			20190725		
ACH	ACHATS	ACH000084	20190101	61320000	LOCATIONS PARTNER01			x	20190101	CRAZY BUREAU 1T19	1647,00	0,00			20190725		
ACH	ACHATS	ACH000084	20190101	44566000	TVA SUR AUTRES BIEN ET SERVICE			x	20190101	CRAZY BUREAU 1T19	329,40	0,00			20190725		
ACH	ACHATS	ACH000084	20190101	40100000	FOURNISSEURS DIVERS	PAR 01	PARTNER01	x	20190101	CRAZY BUREAU 1T19	0,00	1976,40	AC		20190725		
BQ	BQ 552	BQ000041	20190102	46700000	CARTE BLEUE			x	20190102	CB	1170,56	0,00	AA		20190725		
BQ	BQ 552	BQ000041	20190102	51200000	BANQUE 124			x	20190102	CB	0,00	1170,56			20190725		
ACH	ACHATS	ACH000085	20190103	62560000	MISSIONS			x	20190103	RESTAURANT LES DONNEES	22,30	0,00			20190725		
ACH	ACHATS	ACH000085	20190103	46700000	CARTE BLEUE			x	20190103	RESTAURANT LES DONNEES	0,00	22,30			20190725		
ACH	ACHATS	ACH000086	20190107	62560000	MISSIONS			x	20190107	BON TON HEURE	17,99	0,00			20190725		
ACH	ACHATS	ACH000086	20190107	46700000	CARTE BLEUE			x	20190107	BON TON HEURE	0,00	17,99			20190725		
ACH	ACHATS	ACH000087	20190107	60610100	GAZOIL			x	20190107	GAZOLE	79,17	0,00			20190725		
ACH	ACHATS	ACH000087	20190107	44566000	TVA SUR AUTRES BIEN ET SERVICE			x	20190107	GAZOLE	15,83	0,00			20190725		
ACH	ACHATS	ACH000087	20190107	46700000	CARTE BLEUE			x	20190107	GAZOLE	0,00	95,00			20190725		
ACH	ACHATS	ACH000088	20190108	62560000	MISSIONS			x	20190108	CHEZ 521 RESTAURANT	13,60	0,00			20190725		
ACH	ACHATS	ACH000088	20190108	46700000	CARTE BLEUE			x	20190108	CHEZ 521 RESTAURANT	0,00	13,60			20190725		
BQ	BQ 552	BQ000042	20190108	62700000	SERVICES BANCAIRE ET ASSIMILES			x	20190108	FACT BANQUE	80,74	0,00			20190725		
BQ	BQ 552	BQ000042	20190108	51200000	BANQUE 124			x	20190108	FACT BANQUE	0,00	80,74			20190725		
BQ	BQ 552	BQ000043	20190109	62700000	SERVICES BANCAIRE ET ASSIMILES			x	20190109	COTIS BANQUE 123	12,00	0,00			20190725		
BQ	BQ 552	BQ000043	20190109	51200000	BANQUE 124			x	20190109	COTIS BANQUE 123	0,00	12,00			20190725		
ACH	ACHATS	ACH000089	20190110	62560000	MISSIONS			x	20190110	INTERMARCHE	7,70	0,00			20190725		
ACH	ACHATS	ACH000089	20190110	46700000	CARTE BLEUE			x	20190110	INTERMARCHE	0,00	7,70			20190725		
ACH	ACHATS	ACH000090	20190111	62260000	HONORAIRES			x	20190111	124 SOLUTION	63,00	0,00			20190725		
ACH	ACHATS	ACH000090	20190111	44566000	TVA SUR AUTRES BIEN ET SERVICE			x	20190111	124 SOLUTION	12,60	0,00			20190725		
ACH	ACHATS	ACH000090	20190111	40100000	FOURNISSEURS DIVERS	124SOL	124 SOLUTION	x	20190111	124 SOLUTION	0,00	75,60	AD		20190725		
ACH	ACHATS	ACH000091	20190111	62260000	HONORAIRES			x	20190111	124 SOLUTION (fact d�cemb	63,00	0,00			20190725		
ACH	ACHATS	ACH000091	20190111	44566000	TVA SUR AUTRES BIEN ET SERVICE			x	20190111	124 SOLUTION (fact d�cemb	12,60	0,00			20190725		
ACH	ACHATS	ACH000091	20190111	40100000	FOURNISSEURS DIVERS	124SOL	124 SOLUTION	x	20190111	124 SOLUTION (fact d�cemb	0,00	75,60			20190725		
ACH	ACHATS	ACH000092	20190111	62260000	HONORAIRES			x	20190111	124 SOLUTION (fac janvier	63,00	0,00			20190725		
ACH	ACHATS	ACH000092	20190111	44566000	TVA SUR AUTRES BIEN ET SERVICE			x	20190111	124 SOLUTION (fac janvier	12,60	0,00			20190725		
ACH	ACHATS	ACH000092	20190111	40100000	FOURNISSEURS DIVERS	124SOL	124 SOLUTION	x	20190111	124 SOLUTION (fac janvier	0,00	75,60			20190725		
ACH	ACHATS	ACH000093	20190111	63500000	AUTRES IMPOTS TAXES ET VERSEMN			x	20190111	AGEFOS PME	132,00	0,00			20190725		
ACH	ACHATS	ACH000093	20190111	43860000	ORGANISME SOCIAUX CHARGE A PAY			x	20190111	AGEFOS PME	0,00	132,00			20190725		
ACH	ACHATS	ACH000094	20190111	63500000	AUTRES IMPOTS TAXES ET VERSEMN			x	20190111	OPCAIM	106,66	0,00			20190725		
ACH	ACHATS	ACH000094	20190111	44566000	TVA SUR AUTRES BIEN ET SERVICE			x	20190111	OPCAIM	21,33	0,00			20190725		
ACH	ACHATS	ACH000094	20190111	43860000	ORGANISME SOCIAUX CHARGE A PAY			x	20190111	OPCAIM	0,00	127,99			20190725		
ACH	ACHATS	ACH000095	20190114	60610100	GAZOIL			x	20190114	GAZOLE	82,22	0,00			20190725		
ACH	ACHATS	ACH000095	20190114	44566000	TVA SUR AUTRES BIEN ET SERVICE			x	20190114	GAZOLE	16,44	0,00			20190725		
ACH	ACHATS	ACH000095	20190114	46700000	CARTE BLEUE			x	20190114	GAZOLE	0,00	98,66			20190725		
ACH	ACHATS	ACH000096	20190114	62560000	MISSIONS			x	20190114	INTERMARCHE	9,44	0,00			20190725		
ACH	ACHATS	ACH000096	20190114	46700000	CARTE BLEUE			x	20190114	INTERMARCHE	0,00	9,44			20190725		
ACH	ACHATS	ACH000097	20190115	62560000	MISSIONS			x	20190115	WORST HORROR	139,00	0,00			20190725		
ACH	ACHATS	ACH000097	20190115	46700000	CARTE BLEUE			x	20190115	WORST HORROR	0,00	139,00			20190725		
ACH	ACHATS	ACH000098	20190115	62560000	MISSIONS			x	20190115	WORST HORROR	94,30	0,00			20190725		
ACH	ACHATS	ACH000098	20190115	46700000	CARTE BLEUE			x	20190115	WORST HORROR	0,00	94,30			20190725		
ACH	ACHATS	ACH000099	20190116	62510000	VOYAGES ET DEPLACEMENT			x	20190116	WORST HORROR	103,65	0,00			20190725		
ACH	ACHATS	ACH000099	20190116	46700000	CARTE BLEUE			x	20190116	WORST HORROR	0,00	103,65			20190725		
ACH	ACHATS	ACH000100	20190117	60640000	FOURNITURES ADMINISTRATIVES			x	20190117	VISTAPRINT	58,73	0,00			20190725		
ACH	ACHATS	ACH000100	20190117	44566000	TVA SUR AUTRES BIEN ET SERVICE			x	20190117	VISTAPRINT	11,75	0,00			20190725		
ACH	ACHATS	ACH000100	20190117	46700000	CARTE BLEUE			x	20190117	VISTAPRINT	0,00	70,48			20190725		
BQ	BQ 552	BQ000044	20190117	43100000	SECURITE SOCIAL			x	20190117	BEARAF	1565,00	0,00	AB		20190725		
BQ	BQ 552	BQ000044	20190117	51200000	BANQUE 124			x	20190117	BEARAF	0,00	1565,00			20190725		
OD	OPERATIONS DIVERSES	OD 000007	20190117	43100000	SECURITE SOCIAL			x	20190117	Diff�rence lettrage	0,40	0,00	AB		20190725		
OD	OPERATIONS DIVERSES	OD 000007	20190117	64510000	COTISATIONS URSAAF			x	20190117	Diff�rence lettrage	0,00	0,40			20190725		
ACH	ACHATS	ACH000101	20190118	62560000	MISSIONS			x	20190118	RELAIS DRACE	19,78	0,00			20190725		
ACH	ACHATS	ACH000101	20190118	46700000	CARTE BLEUE			x	20190118	RELAIS DRACE	0,00	19,78			20190725		
ACH	ACHATS	ACH000102	20190118	62510000	VOYAGES ET DEPLACEMENT			x	20190118	PARKING AEROPORT	65,00	0,00			20190725		
ACH	ACHATS	ACH000102	20190118	46700000	CARTE BLEUE			x	20190118	PARKING AEROPORT	0,00	65,00			20190725		
ACH	ACHATS	ACH000103	20190121	62560000	MISSIONS			x	20190121	BQ RESTAURANT	14,70	0,00			20190725		
ACH	ACHATS	ACH000103	20190121	46700000	CARTE BLEUE			x	20190121	BQ RESTAURANT	0,00	14,70			20190725		
ACH	ACHATS	ACH000104	20190121	62510000	VOYAGES ET DEPLACEMENT			x	20190121	EINSTEIN	32,26	0,00			20190725		
ACH	ACHATS	ACH000104	20190121	46700000	CARTE BLEUE			x	20190121	EINSTEIN	0,00	32,26			20190725		
BQ	BQ 552	BQ000045	20190122	62510000	VOYAGES ET DEPLACEMENT			x	20190122	PRST AUTOROUTES	148,00	0,00			20190725		
BQ	BQ 552	BQ000045	20190122	51200000	BANQUE 124			x	20190122	PRST AUTOROUTES	0,00	148,00			20190725		
ACH	ACHATS	ACH000105	20190123	62560000	MISSIONS			x	20190123	LITL	2,95	0,00			20190725		
ACH	ACHATS	ACH000105	20190123	46700000	CARTE BLEUE			x	20190123	LITL	0,00	2,95			20190725		
ACH	ACHATS	ACH000106	20190124	62560000	MISSIONS			x	20190124	LITL	3,65	0,00			20190725		
ACH	ACHATS	ACH000106	20190124	46700000	CARTE BLEUE			x	20190124	LITL	0,00	3,65			20190725		
ACH	ACHATS	ACH000107	20190124	62560000	MISSIONS			x	20190124	EGGTALE	21,45	0,00			20190725		
ACH	ACHATS	ACH000107	20190124	46700000	CARTE BLEUE			x	20190124	EGGTALE	0,00	21,45			20190725		
BQ	BQ 552	BQ000046	20190124	46700000	CARTE BLEUE			x	20190124	PRST SFR	46,00	0,00			20190725		
BQ	BQ 552	BQ000046	20190124	51200000	BANQUE 124			x	20190124	PRST SFR	0,00	46,00			20190725		
ACH	ACHATS	ACH000108	20190125	62560000	MISSIONS			x	20190125	BAR SNACK	6,00	0,00			20190725		
ACH	ACHATS	ACH000108	20190125	46700000	CARTE BLEUE			x	20190125	BAR SNACK	0,00	6,00			20190725		
ACH	ACHATS	ACH000109	20190125	62560000	MISSIONS			x	20190125	RESTAURANT	13,60	0,00			20190725		
ACH	ACHATS	ACH000109	20190125	46700000	CARTE BLEUE			x	20190125	RESTAURANT	0,00	13,60			20190725		
ACH	ACHATS	ACH000110	20190125	60610100	GAZOIL			x	20190125	GAZOLE	87,42	0,00			20190725		
ACH	ACHATS	ACH000110	20190125	44566000	TVA SUR AUTRES BIEN ET SERVICE			x	20190125	GAZOLE	17,48	0,00			20190725		
ACH	ACHATS	ACH000110	20190125	46700000	CARTE BLEUE			x	20190125	GAZOLE	0,00	104,90			20190725		
ACH	ACHATS	ACH000111	20190128	62560000	MISSIONS			x	20190128	LE CASH REPAS	15,10	0,00			20190725		
ACH	ACHATS	ACH000111	20190128	46700000	CARTE BLEUE			x	20190128	LE CASH REPAS	0,00	15,10			20190725		
ACH	ACHATS	ACH000112	20190129	62560000	MISSIONS			x	20190129	RESTAURANT	36,00	0,00			20190725		
ACH	ACHATS	ACH000112	20190129	46700000	CARTE BLEUE			x	20190129	RESTAURANT	0,00	36,00			20190725		
ACH	ACHATS	ACH000113	20190129	60610100	GAZOIL			x	20190129	GAZOLE	110,18	0,00			20190725		
ACH	ACHATS	ACH000113	20190129	46700000	CARTE BLEUE			x	20190129	GAZOLE	0,00	110,18			20190725		
ACH	ACHATS	ACH000114	20190129	62510000	VOYAGES ET DEPLACEMENT			x	20190129	AXEHOTEL	68,50	0,00			20190725		
ACH	ACHATS	ACH000114	20190129	46700000	CARTE BLEUE			x	20190129	AXEHOTEL	0,00	68,50			20190725		
SA	SALAIRES	SA000006	20190130	64110000	SALAIRES APOINTEMENTS			x	20190130	SALAIRE 0119	5602,46	0,00			20190725		
SA	SALAIRES	SA000006	20190130	64510000	COTISATIONS URSAAF			x	20190130	COTISATION BEARAF 0119	1763,65	0,00			20190725		
SA	SALAIRES	SA000006	20190130	64530000	CAISSE DE RETRAITES			x	20190130	RETRAITE 0119	540,98	0,00			20190725		
SA	SALAIRES	SA000006	20190130	64550000	PREVOYANCES			x	20190130	PREVOYANCE 0119	72,80	0,00			20190725		
SA	SALAIRES	SA000006	20190130	64520000	MUTUELLES			x	20190130	MUTUELLES	35,63	0,00			20190725		
SA	SALAIRES	SA000006	20190130	43100000	SECURITE SOCIAL			x	20190130	BEARAF 0119	0,00	2563,51			20190725		
SA	SALAIRES	SA000006	20190130	43700000	AUTRES ORGANISMES SOCIAUX			x	20190130	HUMANIS AGIRC/ARRCO 0119	0,00	901,90	AA		20190725		
SA	SALAIRES	SA000006	20190130	43700000	AUTRES ORGANISMES SOCIAUX			x	20190130	CALVIN PREVOYANCE 0119	0,00	94,94	AA		20190725		
SA	SALAIRES	SA000006	20190130	43700000	AUTRES ORGANISMES SOCIAUX			x	20190130	MUTUELLES 0119	0,00	71,26	AA		20190725		
SA	SALAIRES	SA000006	20190130	42100000	PERSONNEL REMUNERATION DUES			x	20190130	REMUNERATION DUES 0119	0,00	3464,95			20190725		
SA	SALAIRES	SA000006	20190130	79100000	TRANSFERT DE CHARGES			x	20190130	AVANTAGE EN NATURE 0119	0,00	185,79			20190725		
SA	SALAIRES	SA000006	20190130	44210000	PLVT A LA SOURCE			x	20190130	PAS 0119	0,00	733,17			20190725		
ACH	ACHATS	ACH000115	20190131	62560000	MISSIONS			x	20190131	FAT DO	13,00	0,00			20190725		
ACH	ACHATS	ACH000115	20190131	46700000	CARTE BLEUE			x	20190131	FAT DO	0,00	13,00			20190725		
ACH	ACHATS	ACH000116	20190131	62560000	MISSIONS			x	20190131	THE MILL POUPAILLON	9,80	0,00			20190725		
ACH	ACHATS	ACH000116	20190131	46700000	CARTE BLEUE			x	20190131	THE MILL POUPAILLON	0,00	9,80			20190725		
ACH	ACHATS	ACH000117	20190131	60630000	FOURNITURES ET PETIT EQUIPEMEN			x	20190131	BOULANGER	82,50	0,00			20190725		
ACH	ACHATS	ACH000117	20190131	44566000	TVA SUR AUTRES BIEN ET SERVICE			x	20190131	BOULANGER	16,50	0,00			20190725		
ACH	ACHATS	ACH000117	20190131	46700000	CARTE BLEUE			x	20190131	BOULANGER	0,00	99,00			20190725		
ACH	ACHATS	ACH000118	20190201	46700000	CARTE BLEUE			x	20190201	Ajust cb frais de mission	0,00	60,48			20190725		
ACH	ACHATS	ACH000118	20190201	62560000	MISSIONS			x	20190201	Ajust cb frais de mission	60,48	0,00			20190725		
BQ	BQ 552	BQ000047	20190201	46700000	CARTE BLEUE			x	20190201	CB	1213,67	0,00			20190725		
BQ	BQ 552	BQ000047	20190201	51200000	BANQUE 124			x	20190201	CB	0,00	1213,67			20190725		
ACH	ACHATS	ACH000119	20190204	62560000	MISSIONS			x	20190204	SAXOPHONES D'ASIE	15,50	0,00			20190725		
ACH	ACHATS	ACH000119	20190204	46700000	CARTE BLEUE			x	20190204	SAXOPHONES D'ASIE	0,00	15,50			20190725		
BQ	BQ 552	BQ000048	20190204	43700000	AUTRES ORGANISMES SOCIAUX			x	20190204	PRST HUMANIS	3148,37	0,00	AA		20190725		
BQ	BQ 552	BQ000048	20190204	51200000	BANQUE 124			x	20190204	PRST HUMANIS	0,00	3148,37			20190725		
ACH	ACHATS	ACH000120	20190205	62560000	MISSIONS			x	20190205	RESTAURANT CHEZ 521	15,90	0,00			20190725		
ACH	ACHATS	ACH000120	20190205	46700000	CARTE BLEUE			x	20190205	RESTAURANT CHEZ 521	0,00	15,90			20190725		
ACH	ACHATS	ACH000121	20190205	62510000	VOYAGES ET DEPLACEMENT			x	20190205	RESIDENCE HOTELLIA AFFAIRES & BI	1508,40	0,00			20190725		
ACH	ACHATS	ACH000121	20190205	46700000	CARTE BLEUE			x	20190205	RESIDENCE HOTELLIA AFFAIRES & BI	0,00	1508,40			20190725		
ACH	ACHATS	ACH000122	20190206	62560000	MISSIONS			x	20190206	RESTAURANT CHEZ 521	14,50	0,00			20190725		
ACH	ACHATS	ACH000122	20190206	46700000	CARTE BLEUE			x	20190206	RESTAURANT CHEZ 521	0,00	14,50			20190725		
BQ	BQ 552	BQ000049	20190206	42100000	PERSONNEL REMUNERATION DUES			x	20190206	THOMAS 432	3464,95	0,00			20190725		
BQ	BQ 552	BQ000049	20190206	51200000	BANQUE 124			x	20190206	THOMAS 432	0,00	3464,95			20190725		
BQ	BQ 552	BQ000050	20190206	40100000	FOURNISSEURS DIVERS	PAR 01	PARTNER01	x	20190206	PARTNER01	1976,40	0,00	AC		20190725		
BQ	BQ 552	BQ000050	20190206	51200000	BANQUE 124			x	20190206	PARTNER01	0,00	1976,40			20190725		
BQ	BQ 552	BQ000051	20190206	40100000	FOURNISSEURS DIVERS	124SOL	124 SOLUTION	x	20190206	124 SOLUTION	75,60	0,00	AD		20190725		
BQ	BQ 552	BQ000051	20190206	51200000	BANQUE 124			x	20190206	124 SOLUTION	0,00	75,60			20190725		
BQ	BQ 552	BQ000052	20190206	40100000	FOURNISSEURS DIVERS	PAR 01	PARTNER01	x	20190206	PARTNER01	25,03	0,00	AC		20190725		
BQ	BQ 552	BQ000052	20190206	51200000	BANQUE 124			x	20190206	PARTNER01	0,00	25,03			20190725		
ACH	ACHATS	ACH000123	20190207	62560000	MISSIONS			x	20190207	POULAILLON	11,80	0,00			20190725		
ACH	ACHATS	ACH000123	20190207	46700000	CARTE BLEUE			x	20190207	POULAILLON	0,00	11,80			20190725		
ACH	ACHATS	ACH000124	20190208	62560000	MISSIONS			x	20190208	CASA 44	5,50	0,00			20190725		
ACH	ACHATS	ACH000124	20190208	46700000	CARTE BLEUE			x	20190208	CASA 44	0,00	5,50			20190725		
ACH	ACHATS	ACH000125	20190208	60610100	GAZOIL			x	20190208	STATION ETRANGX 1 GAZOIL	84,18	0,00			20190725		
ACH	ACHATS	ACH000125	20190208	44566000	TVA SUR AUTRES BIEN ET SERVICE			x	20190208	STATION ETRANGX 1 GAZOIL	16,84	0,00			20190725		
ACH	ACHATS	ACH000125	20190208	46700000	CARTE BLEUE			x	20190208	STATION ETRANGX 1 GAZOIL	0,00	101,02			20190725		
ACH	ACHATS	ACH000126	20190208	60630000	FOURNITURES ET PETIT EQUIPEMEN			x	20190208	CDISCOUNT ACHAT TV ET SUPPORT	569,98	0,00			20190725		
ACH	ACHATS	ACH000126	20190208	44566000	TVA SUR AUTRES BIEN ET SERVICE			x	20190208	CDISCOUNT ACHAT TV ET SUPPORT	114,00	0,00			20190725		
ACH	ACHATS	ACH000126	20190208	46700000	CARTE BLEUE			x	20190208	CDISCOUNT ACHAT TV ET SUPPORT	0,00	683,98			20190725		
BQ	BQ 552	BQ000053	20190209	62700000	SERVICES BANCAIRE ET ASSIMILES			x	20190209	COTIS BANQUE 123	12,00	0,00			20190725		
BQ	BQ 552	BQ000053	20190209	51200000	BANQUE 124			x	20190209	COTIS BANQUE 123	0,00	12,00			20190725		
ACH	ACHATS	ACH000127	20190211	62560000	MISSIONS			x	20190211	BOULANGERIE NERVES AT WORK	14,40	0,00			20190725		
ACH	ACHATS	ACH000127	20190211	46700000	CARTE BLEUE			x	20190211	BOULANGERIE NERVES AT WORK	0,00	14,40			20190725		
BQ	BQ 552	BQ000054	20190211	45500000	CPT COURANTS DE L ASSOCIE			x	20190211	VIRT ESPRIT AUTOMATION	0,00	30000,00			20190725		
BQ	BQ 552	BQ000054	20190211	51200000	BANQUE 124			x	20190211	VIRT ESPRIT AUTOMATION	30000,00	0,00			20190725		
BQ	BQ 552	BQ000055	20190211	61610000	ASSURANCES			x	20190211	PRLV SEPA MAAF ASSURANCES	184,06	0,00			20190725		
BQ	BQ 552	BQ000055	20190211	51200000	BANQUE 124			x	20190211	PRLV SEPA MAAF ASSURANCES	0,00	184,06			20190725		
ACH	ACHATS	ACH000128	20190212	62560000	MISSIONS			x	20190212	RESTAURANT SOUKHOTHAJ	15,80	0,00			20190725		
ACH	ACHATS	ACH000128	20190212	46700000	CARTE BLEUE			x	20190212	RESTAURANT SOUKHOTHAJ	0,00	15,80			20190725		
ACH	ACHATS	ACH000129	20190212	62560000	MISSIONS			x	20190212	RESTAURANT LA BURGLER	34,70	0,00			20190725		
ACH	ACHATS	ACH000129	20190212	46700000	CARTE BLEUE			x	20190212	RESTAURANT LA BURGLER	0,00	34,70			20190725		
ACH	ACHATS	ACH000130	20190212	62510000	VOYAGES ET DEPLACEMENT			x	20190212	BRIT HOTEL BLUE MASS CENTRE	98,00	0,00			20190725		
ACH	ACHATS	ACH000130	20190212	46700000	CARTE BLEUE			x	20190212	BRIT HOTEL BLUE MASS CENTRE	0,00	98,00			20190725		
ACH	ACHATS	ACH000131	20190212	62510000	VOYAGES ET DEPLACEMENT			x	20190212	ITIS PETITE PRESSE	113,90	0,00			20190725		
ACH	ACHATS	ACH000131	20190212	46700000	CARTE BLEUE			x	20190212	ITIS PETITE PRESSE	0,00	113,90			20190725		
ACH	ACHATS	ACH000132	20190212	62510000	VOYAGES ET DEPLACEMENT			x	20190212	ITIS PETITE PRESSE	115,90	0,00			20190725		
ACH	ACHATS	ACH000132	20190212	46700000	CARTE BLEUE			x	20190212	ITIS PETITE PRESSE	0,00	115,90			20190725		
ACH	ACHATS	ACH000133	20190213	62560000	MISSIONS			x	20190213	CASINO SHOP	4,19	0,00			20190725		
ACH	ACHATS	ACH000133	20190213	46700000	CARTE BLEUE			x	20190213	CASINO SHOP	0,00	4,19			20190725		
BQ	BQ 552	BQ000056	20190213	62700000	SERVICES BANCAIRE ET ASSIMILES			x	20190213	FRAIS CREATION EURO PRLV	3,90	0,00			20190725		
BQ	BQ 552	BQ000056	20190213	51200000	BANQUE 124			x	20190213	FRAIS CREATION EURO PRLV	0,00	3,90			20190725		
ACH	ACHATS	ACH000134	20190214	60610100	GAZOIL			x	20190214	STATION ETRANGX 1	83,96	0,00			20190725		
ACH	ACHATS	ACH000134	20190214	44566000	TVA SUR AUTRES BIEN ET SERVICE			x	20190214	STATION ETRANGX 1	16,79	0,00			20190725		
ACH	ACHATS	ACH000134	20190214	46700000	CARTE BLEUE			x	20190214	STATION ETRANGX 1	0,00	100,75			20190725		
ACH	ACHATS	ACH000135	20190218	62510000	VOYAGES ET DEPLACEMENT			x	20190218	EUROPOP LYON	1226,10	0,00			20190725		
ACH	ACHATS	ACH000135	20190218	44566000	TVA SUR AUTRES BIEN ET SERVICE			x	20190218	EUROPOP LYON	245,22	0,00			20190725		
ACH	ACHATS	ACH000135	20190218	40100000	FOURNISSEURS DIVERS	08DIVERS	DIVER	x	20190218	EUROPOP LYON	0,00	1471,32			20190725		
BQ	BQ 552	BQ000057	20190218	45500000	CPT COURANTS DE L ASSOCIE			x	20190218	THOMAS 124 SALAIRE SEPTEMBRE	4402,78	0,00			20190725		
BQ	BQ 552	BQ000057	20190218	51200000	BANQUE 124			x	20190218	THOMAS 124 SALAIRE SEPTEMBRE	0,00	4402,78			20190725		
BQ	BQ 552	BQ000058	20190218	62260000	HONORAIRES			x	20190218	BLEUE PHILIPPE	774,00	0,00			20190725		
BQ	BQ 552	BQ000058	20190218	51200000	BANQUE 124			x	20190218	BLEUE PHILIPPE	0,00	774,00			20190725		
BQ	BQ 552	BQ000059	20190218	45500000	CPT COURANTS DE L ASSOCIE			x	20190218	THOMAS 432 DEPENSES SEPTEMBR	580,67	0,00			20190725		
BQ	BQ 552	BQ000059	20190218	51200000	BANQUE 124			x	20190218	THOMAS 432 DEPENSES SEPTEMBR	0,00	580,67			20190725		
BQ	BQ 552	BQ000060	20190218	43700000	AUTRES ORGANISMES SOCIAUX			x	20190218	PLVT HUMANIS	189,70	0,00			20190725		
BQ	BQ 552	BQ000060	20190218	51200000	BANQUE 124			x	20190218	PLVT HUMANIS	0,00	189,70			20190725		
ACH	ACHATS	ACH000136	20190219	62510000	VOYAGES ET DEPLACEMENT			x	20190219	NEATSTYLE	4155,00	0,00			20190725		
ACH	ACHATS	ACH000136	20190219	44566000	TVA SUR AUTRES BIEN ET SERVICE			x	20190219	NEATSTYLE	831,00	0,00			20190725		
ACH	ACHATS	ACH000136	20190219	40100000	FOURNISSEURS DIVERS	08DIVERS	DIVER	x	20190219	NEATSTYLE	0,00	4986,00			20190725		
BQ	BQ 552	BQ000061	20190219	43100000	SECURITE SOCIAL			x	20190219	PRLV SEPA BEARAF 544	2563,00	0,00			20190725		
BQ	BQ 552	BQ000061	20190219	51200000	BANQUE 124			x	20190219	PRLV SEPA BEARAF 544	0,00	2563,00			20190725		
BQ	BQ 552	BQ000062	20190221	62510000	VOYAGES ET DEPLACEMENT			x	20190221	PRLV SEPA AUTOROUTES	150,60	0,00			20190725		
BQ	BQ 552	BQ000062	20190221	51200000	BANQUE 124			x	20190221	PRLV SEPA AUTOROUTES	0,00	150,60			20190725		
BQ	BQ 552	BQ000063	20190222	44210000	PLVT A LA SOURCE			x	20190222	PVSI DGFIP	733,00	0,00			20190725		
BQ	BQ 552	BQ000063	20190222	51200000	BANQUE 124			x	20190222	PVSI DGFIP	0,00	733,00			20190725		
BQ	BQ 552	BQ000064	20190222	62610000	FRAIS TELEPHONE SFR			x	20190222	PRLV SEPA SFR SOC	48,00	0,00			20190725		
BQ	BQ 552	BQ000064	20190222	51200000	BANQUE 124			x	20190222	PRLV SEPA SFR SOC	0,00	48,00			20190725		
BQ	BQ 552	BQ000065	20190222	40100000	FOURNISSEURS DIVERS	08DIVERS	DIVER	x	20190222	EUROPEXPO	1471,32	0,00			20190725		
BQ	BQ 552	BQ000065	20190222	51200000	BANQUE 124			x	20190222	EUROPEXPO	0,00	1471,32			20190725		
BQ	BQ 552	BQ000066	20190227	62510000	VOYAGES ET DEPLACEMENT			x	20190227	SARL NEATSTYLE	4986,00	0,00			20190725		
BQ	BQ 552	BQ000066	20190227	51200000	BANQUE 124			x	20190227	SARL NEATSTYLE	0,00	4986,00			20190725		
ACH	ACHATS	ACH000137	20190228	62510000	VOYAGES ET DEPLACEMENT			x	20190228	PARKING	1,95	0,00			20190725		
ACH	ACHATS	ACH000137	20190228	46700000	CARTE BLEUE			x	20190228	PARKING	0,00	1,95	AN		20190725		
ACH	ACHATS	ACH000138	20190228	62560000	MISSIONS			x	20190228	RESTAURATION PAUL	8,40	0,00			20190725		
ACH	ACHATS	ACH000138	20190228	46700000	CARTE BLEUE			x	20190228	RESTAURATION PAUL	0,00	8,40	AN		20190725		
ACH	ACHATS	ACH000139	20190228	62560000	MISSIONS			x	20190228	RESTO COTE BARTHOLOMEUS	56,44	0,00			20190725		
ACH	ACHATS	ACH000139	20190228	44566000	TVA SUR AUTRES BIEN ET SERVICE			x	20190228	RESTO COTE BARTHOLOMEUS	6,56	0,00			20190725		
ACH	ACHATS	ACH000139	20190228	46700000	CARTE BLEUE			x	20190228	RESTO COTE BARTHOLOMEUS	0,00	63,00	AN		20190725		
SA	SALAIRES	SA000007	20190228	64110000	SALAIRES APOINTEMENTS			x	20190228	SALAIRE 0219	3386,55	0,00			20190725		
SA	SALAIRES	SA000007	20190228	64510000	COTISATIONS URSAAF			x	20190228	COTISATION BEARAF 0219	1066,86	0,00			20190725		
SA	SALAIRES	SA000007	20190228	64530000	CAISSE DE RETRAITES			x	20190228	RETRAITE 0219	326,26	0,00			20190725		
SA	SALAIRES	SA000007	20190228	64550000	PREVOYANCES			x	20190228	PREVOYANCE 0219	44,05	0,00			20190725		
SA	SALAIRES	SA000007	20190228	64520000	MUTUELLES			x	20190228	MUTUELLES	21,63	0,00			20190725		
SA	SALAIRES	SA000007	20190228	43100000	SECURITE SOCIAL			x	20190228	BEARAF 0219	0,00	1550,99			20190725		
SA	SALAIRES	SA000007	20190228	43700000	AUTRES ORGANISMES SOCIAUX			x	20190228	HUMANIS AGIRC/ARRCO 0219	0,00	543,91			20190725		
SA	SALAIRES	SA000007	20190228	43700000	AUTRES ORGANISMES SOCIAUX			x	20190228	CALVIN PREVOYANCE 0219	0,00	57,35			20190725		
SA	SALAIRES	SA000007	20190228	43700000	AUTRES ORGANISMES SOCIAUX			x	20190228	MUTUELLES 0219	0,00	43,26			20190725		
SA	SALAIRES	SA000007	20190228	42100000	PERSONNEL REMUNERATION DUES			x	20190228	REMUNERATION DUES 0219	0,00	2214,76			20190725		
SA	SALAIRES	SA000007	20190228	79100000	TRANSFERT DE CHARGES			x	20190228	AVANTAGE EN NATURE 0219	0,00	185,79			20190725		
SA	SALAIRES	SA000007	20190228	44210000	PLVT A LA SOURCE			x	20190228	PAS 0319	0,00	249,29			20190725		
ACH	ACHATS	ACH000140	20190301	46700000	CARTE BLEUE			x	20190301	NDF	0,00	2,00			20190725		
ACH	ACHATS	ACH000140	20190301	62560000	MISSIONS			x	20190301	NDF	2,00	0,00			20190725		
ACH	ACHATS	ACH000141	20190301	62560000	MISSIONS			x	20190301	S'APPEL RESTAURATION	19,00	0,00			20190725		
ACH	ACHATS	ACH000141	20190301	46700000	CARTE BLEUE			x	20190301	S'APPEL RESTAURATION	0,00	19,00	AO		20190725		
ACH	ACHATS	ACH000142	20190301	62560000	MISSIONS			x	20190301	RESTAU COTE BARTHOLOMEUS	59,94	0,00			20190725		
ACH	ACHATS	ACH000142	20190301	44566000	TVA SUR AUTRES BIEN ET SERVICE			x	20190301	RESTAU COTE BARTHOLOMEUS	7,66	0,00			20190725		
ACH	ACHATS	ACH000142	20190301	46700000	CARTE BLEUE			x	20190301	RESTAU COTE BARTHOLOMEUS	0,00	67,60	AT		20190725		
BQ	BQ 552	BQ000067	20190301	46700000	CARTE BLEUE			x	20190301	CB AU 280218	2965,04	0,00			20190725		
BQ	BQ 552	BQ000067	20190301	51200000	BANQUE 124			x	20190301	CB AU 280218	0,00	2965,04			20190725		
ACH	ACHATS	ACH000143	20190302	60610100	GAZOIL			x	20190302	STATION ETRANGX 1  GAZOIL	97,44	0,00			20190725		
ACH	ACHATS	ACH000143	20190302	44566000	TVA SUR AUTRES BIEN ET SERVICE			x	20190302	STATION ETRANGX 1  GAZOIL	19,49	0,00			20190725		
ACH	ACHATS	ACH000143	20190302	46700000	CARTE BLEUE			x	20190302	STATION ETRANGX 1  GAZOIL	0,00	116,93	AP		20190725		
ACH	ACHATS	ACH000144	20190304	62560000	MISSIONS			x	20190304	RESTAU COTE BARTHOLOMEUS	52,67	0,00			20190725		
ACH	ACHATS	ACH000144	20190304	44566000	TVA SUR AUTRES BIEN ET SERVICE			x	20190304	RESTAU COTE BARTHOLOMEUS	6,93	0,00			20190725		
ACH	ACHATS	ACH000144	20190304	46700000	CARTE BLEUE			x	20190304	RESTAU COTE BARTHOLOMEUS	0,00	59,60	AQ		20190725		
ACH	ACHATS	ACH000145	20190304	60630000	FOURNITURES ET PETIT EQUIPEMEN			x	20190304	ACHAT MACHINE	145,60	0,00			20190725		
ACH	ACHATS	ACH000145	20190304	44566000	TVA SUR AUTRES BIEN ET SERVICE			x	20190304	ACHAT MACHINE	29,12	0,00			20190725		
ACH	ACHATS	ACH000145	20190304	46700000	CARTE BLEUE			x	20190304	ACHAT MACHINE	0,00	174,72	AU		20190725		
ACH	ACHATS	ACH000146	20190304	60630000	FOURNITURES ET PETIT EQUIPEMEN			x	20190304	CARTFIVE RAFRAICHISSEMENT	285,42	0,00			20190725		
ACH	ACHATS	ACH000146	20190304	46700000	CARTE BLEUE			x	20190304	CARTFIVE RAFRAICHISSEMENT	0,00	285,42	AR		20190725		
BQ	BQ 552	BQ000068	20190304	42100000	PERSONNEL REMUNERATION DUES			x	20190304	THOMAS 432 SAL FEV19	2214,76	0,00			20190725		
BQ	BQ 552	BQ000068	20190304	51200000	BANQUE 124			x	20190304	THOMAS 432 SAL FEV19	0,00	2214,76			20190725		
ACH	ACHATS	ACH000147	20190305	60630000	FOURNITURES ET PETIT EQUIPEMEN			x	20190305	BOULANGERIE	5,10	0,00			20190725		
ACH	ACHATS	ACH000147	20190305	46700000	CARTE BLEUE			x	20190305	BOULANGERIE	0,00	5,10	AR		20190725		
ACH	ACHATS	ACH000148	20190305	60630000	FOURNITURES ET PETIT EQUIPEMEN			x	20190305	AUCHAN	21,36	0,00			20190725		
ACH	ACHATS	ACH000148	20190305	46700000	CARTE BLEUE			x	20190305	AUCHAN	0,00	21,36	AS		20190725		
ACH	ACHATS	ACH000149	20190307	60630000	FOURNITURES ET PETIT EQUIPEMEN			x	20190307	RESTAU COTE BARTHOLOMEUS	78,99	0,00			20190725		
ACH	ACHATS	ACH000149	20190307	44566000	TVA SUR AUTRES BIEN ET SERVICE			x	20190307	RESTAU COTE BARTHOLOMEUS	8,82	0,00			20190725		
ACH	ACHATS	ACH000149	20190307	46700000	CARTE BLEUE			x	20190307	RESTAU COTE BARTHOLOMEUS	0,00	87,81	AV		20190725		
ACH	ACHATS	ACH000150	20190308	62560000	MISSIONS			x	20190308	MAISON GODAT	6,20	0,00			20190725		
ACH	ACHATS	ACH000150	20190308	46700000	CARTE BLEUE			x	20190308	MAISON GODAT	0,00	6,20	AS		20190725		
ACH	ACHATS	ACH000151	20190309	62510000	VOYAGES ET DEPLACEMENT			x	20190309	HOTEL HOTELLIA	182,90	0,00			20190725		
ACH	ACHATS	ACH000151	20190309	46700000	CARTE BLEUE			x	20190309	HOTEL HOTELLIA	0,00	182,90	AV		20190725		
BQ	BQ 552	BQ000069	20190309	62700000	SERVICES BANCAIRE ET ASSIMILES			x	20190309	COTIS BANQUE 123	12,00	0,00			20190725		
BQ	BQ 552	BQ000069	20190309	51200000	BANQUE 124			x	20190309	COTIS BANQUE 123	0,00	12,00			20190725		
BQ	BQ 552	BQ000070	20190311	61610000	ASSURANCES			x	20190311	PRLV SEPA MAAF ASSURANCE	184,00	0,00			20190725		
BQ	BQ 552	BQ000070	20190311	51200000	BANQUE 124			x	20190311	PRLV SEPA MAAF ASSURANCE	0,00	184,00			20190725		
BQ	BQ 552	BQ000071	20190313	44567000	CREDIT DE TVA			x	20190313	EVI SIE CENTRAL DIJON NO	0,00	900,00			20190725		
BQ	BQ 552	BQ000071	20190313	51200000	BANQUE 124			x	20190313	EVI SIE CENTRAL DIJON NO	900,00	0,00			20190725		
OD	OPERATIONS DIVERSES	OD 000008	20190313	44567000	CREDIT DE TVA			x	20190313	Diff�rence lettrage	0,00	1,00			20190725		
OD	OPERATIONS DIVERSES	OD 000008	20190313	65800000	CHARGES DIVERSES DE GESTION			x	20190313	Diff�rence lettrage	1,00	0,00			20190725		
ACH	ACHATS	ACH000152	20190314	60610100	GAZOIL			x	20190314	GAZOIL	85,60	0,00			20190725		
ACH	ACHATS	ACH000152	20190314	44566000	TVA SUR AUTRES BIEN ET SERVICE			x	20190314	GAZOIL	17,12	0,00			20190725		
ACH	ACHATS	ACH000152	20190314	46700000	CARTE BLEUE			x	20190314	GAZOIL	0,00	102,72	AV		20190725		
ACH	ACHATS	ACH000153	20190315	62260000	HONORAIRES			x	20190315	124 SOLUTION (fact f�vrie	63,00	0,00			20190725		
ACH	ACHATS	ACH000153	20190315	44566000	TVA SUR AUTRES BIEN ET SERVICE			x	20190315	124 SOLUTION (fact f�vrie	12,60	0,00			20190725		
ACH	ACHATS	ACH000153	20190315	40100000	FOURNISSEURS DIVERS	124SOL	124 SOLUTION	x	20190315	124 SOLUTION (fact f�vrie	0,00	75,60			20190725		
ACH	ACHATS	ACH000154	20190315	62560000	MISSIONS			x	20190315	SUPER U	21,43	0,00			20190725		
ACH	ACHATS	ACH000154	20190315	46700000	CARTE BLEUE			x	20190315	SUPER U	0,00	21,43	AV		20190725		
BQ	BQ 552	BQ000072	20190319	43100000	SECURITE SOCIAL			x	20190319	PRLV SEPA BEARAF 544	1551,00	0,00			20190725		
BQ	BQ 552	BQ000072	20190319	51200000	BANQUE 124			x	20190319	PRLV SEPA BEARAF 544	0,00	1551,00			20190725		
OD	OPERATIONS DIVERSES	OD 000009	20190319	43100000	SECURITE SOCIAL			x	20190319	AJUST COTIS	0,50	0,00			20190725		
OD	OPERATIONS DIVERSES	OD 000009	20190319	64510000	COTISATIONS URSAAF			x	20190319	AJUST COTIS	0,00	0,50			20190725		
BQ	BQ 552	BQ000073	20190321	40100000	FOURNISSEURS DIVERS	124SOL	124 SOLUTION	x	20190321	124 SOLUTION	75,60	0,00			20190725		
BQ	BQ 552	BQ000073	20190321	51200000	BANQUE 124			x	20190321	124 SOLUTION	0,00	75,60			20190725		
BQ	BQ 552	BQ000074	20190321	40100000	FOURNISSEURS DIVERS	124SOL	124 SOLUTION	x	20190321	124 SOLUTION	75,60	0,00			20190725		
BQ	BQ 552	BQ000074	20190321	51200000	BANQUE 124			x	20190321	124 SOLUTION	0,00	75,60			20190725		
BQ	BQ 552	BQ000075	20190321	62510000	VOYAGES ET DEPLACEMENT			x	20190321	PRLV SEPA AUTOROUTES	53,90	0,00			20190725		
BQ	BQ 552	BQ000075	20190321	51200000	BANQUE 124			x	20190321	PRLV SEPA AUTOROUTES	0,00	53,90			20190725		
BQ	BQ 552	BQ000076	20190321	40100000	FOURNISSEURS DIVERS	08DIVERS	DIVER	x	20190321	SARL NEATSTYLE	4986,00	0,00			20190725		
BQ	BQ 552	BQ000076	20190321	51200000	BANQUE 124			x	20190321	SARL NEATSTYLE	0,00	4986,00			20190725		
BQ	BQ 552	BQ000077	20190322	44210000	PLVT A LA SOURCE			x	20190322	PVSI DGFIP	249,00	0,00			20190725		
BQ	BQ 552	BQ000077	20190322	51200000	BANQUE 124			x	20190322	PVSI DGFIP	0,00	249,00			20190725		
BQ	BQ 552	BQ000078	20190322	43860000	ORGANISME SOCIAUX CHARGE A PAY			x	20190322	AGEFOS PME	132,00	0,00			20190725		
BQ	BQ 552	BQ000078	20190322	51200000	BANQUE 124			x	20190322	AGEFOS PME	0,00	132,00			20190725		
BQ	BQ 552	BQ000079	20190322	43860000	ORGANISME SOCIAUX CHARGE A PAY			x	20190322	OPCAIM	127,99	0,00			20190725		
BQ	BQ 552	BQ000079	20190322	51200000	BANQUE 124			x	20190322	OPCAIM	0,00	127,99			20190725		
OD	OPERATIONS DIVERSES	OD 000010	20190322	44210000	PLVT A LA SOURCE			x	20190322	Diff�rence lettrage	0,46	0,00			20190725		
OD	OPERATIONS DIVERSES	OD 000010	20190322	75800000	PRODUITS DIVERS DE GESTION			x	20190322	Diff�rence lettrage	0,00	0,46			20190725		
ACH	ACHATS	ACH000155	20190323	60610100	GAZOIL			x	20190323	GAZOIL	25,01	0,00			20190725		
ACH	ACHATS	ACH000155	20190323	46700000	CARTE BLEUE			x	20190323	GAZOIL	0,00	25,01	AV		20190725		
ACH	ACHATS	ACH000156	20190325	60630000	FOURNITURES ET PETIT EQUIPEMEN			x	20190325	LAVAGE VOITURE	31,90	0,00			20190725		
ACH	ACHATS	ACH000156	20190325	46700000	CARTE BLEUE			x	20190325	LAVAGE VOITURE	0,00	31,90	AV		20190725		
BQ	BQ 552	BQ000080	20190325	62610000	FRAIS TELEPHONE SFR			x	20190325	PLVT SEPA SFR	62,32	0,00			20190725		
BQ	BQ 552	BQ000080	20190325	51200000	BANQUE 124			x	20190325	PLVT SEPA SFR	0,00	62,32			20190725		
ACH	ACHATS	ACH000157	20190326	62560000	MISSIONS			x	20190326	BOULANGERIE	8,80	0,00			20190725		
ACH	ACHATS	ACH000157	20190326	46700000	CARTE BLEUE			x	20190326	BOULANGERIE	0,00	8,80	AV		20190725		
ACH	ACHATS	ACH000158	20190326	60610100	GAZOIL			x	20190326	GAZOIL	78,43	0,00			20190725		
ACH	ACHATS	ACH000158	20190326	44566000	TVA SUR AUTRES BIEN ET SERVICE			x	20190326	GAZOIL	15,69	0,00			20190725		
ACH	ACHATS	ACH000158	20190326	46700000	CARTE BLEUE			x	20190326	GAZOIL	0,00	94,12	AV		20190725		
ACH	ACHATS	ACH000159	20190327	62510000	VOYAGES ET DEPLACEMENT			x	20190327	PARKING	2,50	0,00			20190725		
ACH	ACHATS	ACH000159	20190327	46700000	CARTE BLEUE			x	20190327	PARKING	0,00	2,50	AV		20190725		
ACH	ACHATS	ACH000160	20190327	62560000	MISSIONS			x	20190327	EXXO RESTAURATION	17,10	0,00			20190725		
ACH	ACHATS	ACH000160	20190327	46700000	CARTE BLEUE			x	20190327	EXXO RESTAURATION	0,00	17,10	AV		20190725		
ACH	ACHATS	ACH000161	20190327	62510000	VOYAGES ET DEPLACEMENT			x	20190327	GRAND HOTEL DAUGHTER 22	90,38	0,00			20190725		
ACH	ACHATS	ACH000161	20190327	46700000	CARTE BLEUE			x	20190327	GRAND HOTEL DAUGHTER 22	0,00	90,38	AV		20190725		
ACH	ACHATS	ACH000162	20190328	62510000	VOYAGES ET DEPLACEMENT			x	20190328	PARKING	0,20	0,00			20190725		
ACH	ACHATS	ACH000162	20190328	46700000	CARTE BLEUE			x	20190328	PARKING	0,00	0,20	AV		20190725		
ACH	ACHATS	ACH000163	20190328	62560000	MISSIONS			x	20190328	PIZZERIA	30,00	0,00			20190725		
ACH	ACHATS	ACH000163	20190328	46700000	CARTE BLEUE			x	20190328	PIZZERIA	0,00	30,00	AV		20190725		
SA	SALAIRES	SA000008	20190328	64110000	SALAIRES APOINTEMENTS			x	20190328	SALAIRE 0319	5602,46	0,00			20190725		
SA	SALAIRES	SA000008	20190328	64510000	COTISATIONS URSAAF			x	20190328	COTISATION BEARAF 0319	1763,65	0,00			20190725		
SA	SALAIRES	SA000008	20190328	64530000	CAISSE DE RETRAITES			x	20190328	RETRAITE 0319	540,98	0,00			20190725		
SA	SALAIRES	SA000008	20190328	64550000	PREVOYANCES			x	20190328	PREVOYANCE 0319	72,80	0,00			20190725		
SA	SALAIRES	SA000008	20190328	64520000	MUTUELLES			x	20190328	MUTUELLES	49,63	0,00			20190725		
SA	SALAIRES	SA000008	20190328	43100000	SECURITE SOCIAL			x	20190328	BEARAF 0319	0,00	2564,87	AE		20190725		
SA	SALAIRES	SA000008	20190328	43700000	AUTRES ORGANISMES SOCIAUX			x	20190328	HUMANIS AGIRC/ARRCO 0319	0,00	901,90			20190725		
SA	SALAIRES	SA000008	20190328	43700000	AUTRES ORGANISMES SOCIAUX			x	20190328	CALVIN PREVOYANCE 0319	0,00	94,94			20190725		
SA	SALAIRES	SA000008	20190328	43700000	AUTRES ORGANISMES SOCIAUX			x	20190328	MUTUELLES 0319	0,00	99,26			20190725		
SA	SALAIRES	SA000008	20190328	42100000	PERSONNEL REMUNERATION DUES			x	20190328	REMUNERATION DUES 0319	0,00	3770,44			20190725		
SA	SALAIRES	SA000008	20190328	79100000	TRANSFERT DE CHARGES			x	20190328	AVANTAGE EN NATURE 0319	0,00	185,79			20190725		
SA	SALAIRES	SA000008	20190328	44210000	PLVT A LA SOURCE			x	20190328	PAS 0319	0,00	412,32	AB		20190725		
ACH	ACHATS	ACH000164	20190329	62560000	MISSIONS			x	20190329	AVIA RESTAURATION	8,40	0,00			20190725		
ACH	ACHATS	ACH000164	20190329	46700000	CARTE BLEUE			x	20190329	AVIA RESTAURATION	0,00	8,40	AV		20190725		
ACH	ACHATS	ACH000165	20190329	60610100	GAZOIL			x	20190329	GAZOIL	86,88	0,00			20190725		
ACH	ACHATS	ACH000165	20190329	44566000	TVA SUR AUTRES BIEN ET SERVICE			x	20190329	GAZOIL	17,38	0,00			20190725		
ACH	ACHATS	ACH000165	20190329	46700000	CARTE BLEUE			x	20190329	GAZOIL	0,00	104,26	AV		20190725		
BQ	BQ 552	BQ000081	20190329	42100000	PERSONNEL REMUNERATION DUES			x	20190329	THOMAS 432 SALAIRE MARS	3770,44	0,00			20190725		
BQ	BQ 552	BQ000081	20190329	51200000	BANQUE 124			x	20190329	THOMAS 432 SALAIRE MARS	0,00	3770,44			20190725		
OD	OPERATIONS DIVERSES	OD 000011	20190331	44566000	TVA SUR AUTRES BIEN ET SERVICE			x	20190331	CA3 MARS 19	0,00	2455,00			20190725		
OD	OPERATIONS DIVERSES	OD 000011	20190331	44567000	CREDIT DE TVA			x	20190331	CA3 MARS 19	2455,00	0,00			20190725		
ACH	ACHATS	ACH000166	20190401	60610100	GAZOIL			x	20190401	GAZOIL	34,04	0,00			20190725		
ACH	ACHATS	ACH000166	20190401	44566000	TVA SUR AUTRES BIEN ET SERVICE			x	20190401	GAZOIL	6,81	0,00			20190725		
ACH	ACHATS	ACH000166	20190401	46710000	NDF A REMBOURSER			x	20190401	GAZOIL	0,00	40,85	AA		20190725		
ACH	ACHATS	ACH000167	20190401	62610000	FRAIS TELEPHONE SFR			x	20190401	SFR PHONE	46,66	0,00			20190725		
ACH	ACHATS	ACH000167	20190401	44566000	TVA SUR AUTRES BIEN ET SERVICE			x	20190401	SFR PHONE	9,34	0,00			20190725		
ACH	ACHATS	ACH000167	20190401	46710000	NDF A REMBOURSER			x	20190401	SFR PHONE	0,00	56,00	AA		20190725		
ACH	ACHATS	ACH000168	20190401	62570000	RECEPTIONS			x	20190401	COMPTOIR BELANAIS	46,00	0,00			20190725		
ACH	ACHATS	ACH000168	20190401	46710000	NDF A REMBOURSER			x	20190401	COMPTOIR BELANAIS	0,00	46,00	AA		20190725		
ACH	ACHATS	ACH000169	20190401	46700000	CARTE BLEUE			x	20190401	HOLD LUGGAGE AIRCOMPANY BIRMINGHAM	48,51	0,00			20190725		
ACH	ACHATS	ACH000169	20190401	46710000	NDF A REMBOURSER			x	20190401	HOLD LUGGAGE AIRCOMPANY BIRMINGHAM	0,00	48,51	AA		20190725		
ACH	ACHATS	ACH000170	20190401	62570000	RECEPTIONS			x	20190401	RESTAURANT ROUND 1 TAPESTRY	56,90	0,00			20190725		
ACH	ACHATS	ACH000170	20190401	44566000	TVA SUR AUTRES BIEN ET SERVICE			x	20190401	RESTAURANT ROUND 1 TAPESTRY	7,60	0,00			20190725		
ACH	ACHATS	ACH000170	20190401	46710000	NDF A REMBOURSER			x	20190401	RESTAURANT ROUND 1 TAPESTRY	0,00	64,50	AA		20190725		
ACH	ACHATS	ACH000171	20190401	60640000	FOURNITURES ADMINISTRATIVES			x	20190401	PARTNER01 PHOTOCOPIES	64,50	0,00			20190725		
ACH	ACHATS	ACH000171	20190401	44566000	TVA SUR AUTRES BIEN ET SERVICE			x	20190401	PARTNER01 PHOTOCOPIES	12,90	0,00			20190725		
ACH	ACHATS	ACH000171	20190401	40100000	FOURNISSEURS DIVERS	PAR 01	PARTNER01	x	20190401	PARTNER01 PHOTOCOPIES	0,00	77,40			20190725		
BQ	BQ 552	BQ000082	20190401	45500000	CPT COURANTS DE L ASSOCIE			x	20190401	VIRT C/C EA LTD	0,00	15000,00			20190725		
BQ	BQ 552	BQ000082	20190401	51200000	BANQUE 124			x	20190401	VIRT C/C EA LTD	15000,00	0,00			20190725		
BQ	BQ 552	BQ000083	20190401	46700000	CARTE BLEUE			x	20190401	CB COTE BARTHOLOMEUS	63,00	0,00	AN		20190725		
BQ	BQ 552	BQ000083	20190401	51200000	BANQUE 124			x	20190401	CB COTE BARTHOLOMEUS	0,00	63,00			20190725		
BQ	BQ 552	BQ000084	20190401	46700000	CARTE BLEUE			x	20190401	CB EFFIA	1,95	0,00	AN		20190725		
BQ	BQ 552	BQ000084	20190401	51200000	BANQUE 124			x	20190401	CB EFFIA	0,00	1,95			20190725		
BQ	BQ 552	BQ000085	20190401	46700000	CARTE BLEUE			x	20190401	CB ECGMARK	8,40	0,00	AN		20190725		
BQ	BQ 552	BQ000085	20190401	51200000	BANQUE 124			x	20190401	CB ECGMARK	0,00	8,40			20190725		
BQ	BQ 552	BQ000086	20190401	46700000	CARTE BLEUE			x	20190401	CB COTE BARTHOLOMEUS	67,60	0,00	AT		20190725		
BQ	BQ 552	BQ000086	20190401	51200000	BANQUE 124			x	20190401	CB COTE BARTHOLOMEUS	0,00	67,60			20190725		
BQ	BQ 552	BQ000087	20190401	46700000	CARTE BLEUE			x	20190401	CB CUP SERVICES	1,30	0,00			20190725		
BQ	BQ 552	BQ000087	20190401	51200000	BANQUE 124			x	20190401	CB CUP SERVICES	0,00	1,30			20190725		
BQ	BQ 552	BQ000088	20190401	46700000	CARTE BLEUE			x	20190401	CB S'APPELRESTAURANT	19,00	0,00	AO		20190725		
BQ	BQ 552	BQ000088	20190401	51200000	BANQUE 124			x	20190401	CB S'APPELRESTAURANT	0,00	19,00			20190725		
BQ	BQ 552	BQ000089	20190401	46700000	CARTE BLEUE			x	20190401	CB HRC GEVR'Y	116,93	0,00	AP		20190725		
BQ	BQ 552	BQ000089	20190401	51200000	BANQUE 124			x	20190401	CB HRC GEVR'Y	0,00	116,93			20190725		
BQ	BQ 552	BQ000090	20190401	46700000	CARTE BLEUE			x	20190401	CB COTE BARTHOLOMEUS	59,60	0,00	AQ		20190725		
BQ	BQ 552	BQ000090	20190401	51200000	BANQUE 124			x	20190401	CB COTE BARTHOLOMEUS	0,00	59,60			20190725		
BQ	BQ 552	BQ000091	20190401	46700000	CARTE BLEUE			x	20190401	CB CARTFIVE VENIS	285,42	0,00	AR		20190725		
BQ	BQ 552	BQ000091	20190401	51200000	BANQUE 124			x	20190401	CB CARTFIVE VENIS	0,00	285,42			20190725		
BQ	BQ 552	BQ000092	20190401	46700000	CARTE BLEUE			x	20190401	CB S'APPEL	174,72	0,00	AU		20190725		
BQ	BQ 552	BQ000092	20190401	51200000	BANQUE 124			x	20190401	CB S'APPEL	0,00	174,72			20190725		
BQ	BQ 552	BQ000093	20190401	46700000	CARTE BLEUE			x	20190401	CB GOTHAM HOME	5,10	0,00	AR		20190725		
BQ	BQ 552	BQ000093	20190401	51200000	BANQUE 124			x	20190401	CB GOTHAM HOME	0,00	5,10			20190725		
BQ	BQ 552	BQ000094	20190401	46700000	CARTE BLEUE			x	20190401	CB INFO SALONS LEN	144,00	0,00			20190725		
BQ	BQ 552	BQ000094	20190401	51200000	BANQUE 124			x	20190401	CB INFO SALONS LEN	0,00	144,00			20190725		
BQ	BQ 552	BQ000095	20190401	46700000	CARTE BLEUE			x	20190401	CB COTE BARTHOLOMEUS	87,80	0,00	AV		20190725		
BQ	BQ 552	BQ000095	20190401	51200000	BANQUE 124			x	20190401	CB COTE BARTHOLOMEUS	0,00	87,80			20190725		
BQ	BQ 552	BQ000096	20190401	46700000	CARTE BLEUE			x	20190401	CB AUCHAN ST PRIES	21,36	0,00	AS		20190725		
BQ	BQ 552	BQ000096	20190401	51200000	BANQUE 124			x	20190401	CB AUCHAN ST PRIES	0,00	21,36			20190725		
BQ	BQ 552	BQ000097	20190401	46700000	CARTE BLEUE			x	20190401	CB GOTHAM HOME	6,20	0,00	AS		20190725		
BQ	BQ 552	BQ000097	20190401	51200000	BANQUE 124			x	20190401	CB GOTHAM HOME	0,00	6,20			20190725		
BQ	BQ 552	BQ000098	20190401	46700000	CARTE BLEUE			x	20190401	CB HOTELLIA	182,90	0,00	AV		20190725		
BQ	BQ 552	BQ000098	20190401	51200000	BANQUE 124			x	20190401	CB HOTELLIA	0,00	182,90			20190725		
BQ	BQ 552	BQ000099	20190401	46700000	CARTE BLEUE			x	20190401	CB DACFLOWRZ	102,72	0,00	AV		20190725		
BQ	BQ 552	BQ000099	20190401	51200000	BANQUE 124			x	20190401	CB DACFLOWRZ	0,00	102,72			20190725		
BQ	BQ 552	BQ000100	20190401	46700000	CARTE BLEUE			x	20190401	CB MAGASIN U	21,43	0,00	AV		20190725		
BQ	BQ 552	BQ000100	20190401	51200000	BANQUE 124			x	20190401	CB MAGASIN U	0,00	21,43			20190725		
BQ	BQ 552	BQ000101	20190401	46700000	CARTE BLEUE			x	20190401	CB STATION TOTAL	25,01	0,00	AV		20190725		
BQ	BQ 552	BQ000101	20190401	51200000	BANQUE 124			x	20190401	CB STATION TOTAL	0,00	25,01			20190725		
BQ	BQ 552	BQ000102	20190401	46700000	CARTE BLEUE			x	20190401	CB STATION TOTAL	31,90	0,00	AV		20190725		
BQ	BQ 552	BQ000102	20190401	51200000	BANQUE 124			x	20190401	CB STATION TOTAL	0,00	31,90			20190725		
BQ	BQ 552	BQ000103	20190401	46700000	CARTE BLEUE			x	20190401	CB DAC APOLIDIS	94,12	0,00	AV		20190725		
BQ	BQ 552	BQ000103	20190401	51200000	BANQUE 124			x	20190401	CB DAC APOLIDIS	0,00	94,12			20190725		
BQ	BQ 552	BQ000104	20190401	46700000	CARTE BLEUE			x	20190401	CB LE FOURNIL	8,80	0,00	AV		20190725		
BQ	BQ 552	BQ000104	20190401	51200000	BANQUE 124			x	20190401	CB LE FOURNIL	0,00	8,80			20190725		
BQ	BQ 552	BQ000105	20190401	46700000	CARTE BLEUE			x	20190401	CB ROC MORTADELLE 12	17,10	0,00	AV		20190725		
BQ	BQ 552	BQ000105	20190401	51200000	BANQUE 124			x	20190401	CB ROC MORTADELLE 12	0,00	17,10			20190725		
BQ	BQ 552	BQ000106	20190401	46700000	CARTE BLEUE			x	20190401	CB HORODATEURS	2,50	0,00	AV		20190725		
BQ	BQ 552	BQ000106	20190401	51200000	BANQUE 124			x	20190401	CB HORODATEURS	0,00	2,50			20190725		
BQ	BQ 552	BQ000107	20190401	46700000	CARTE BLEUE			x	20190401	CB GRAND HOTEL DU	90,38	0,00	AV		20190725		
BQ	BQ 552	BQ000107	20190401	51200000	BANQUE 124			x	20190401	CB GRAND HOTEL DU	0,00	90,38			20190725		
BQ	BQ 552	BQ000108	20190401	46700000	CARTE BLEUE			x	20190401	CB HORODATEURS	0,20	0,00	AV		20190725		
BQ	BQ 552	BQ000108	20190401	51200000	BANQUE 124			x	20190401	CB HORODATEURS	0,00	0,20			20190725		
BQ	BQ 552	BQ000109	20190401	46700000	CARTE BLEUE			x	20190401	CB PIZZERIA LA BELLA 11	30,00	0,00	AV		20190725		
BQ	BQ 552	BQ000109	20190401	51200000	BANQUE 124			x	20190401	CB PIZZERIA LA BELLA 11	0,00	30,00			20190725		
BQ	BQ 552	BQ000110	20190401	62560000	MISSIONS			x	20190401	FRAIS DIVERS	70,00	0,00			20190725		
BQ	BQ 552	BQ000110	20190401	51200000	BANQUE 124			x	20190401	FRAIS DIVERS	0,00	70,00			20190725		
BQ	BQ 552	BQ000111	20190401	46700000	CARTE BLEUE			x	20190401	CB STATION AVIADAC	104,26	0,00	AV		20190725		
BQ	BQ 552	BQ000111	20190401	51200000	BANQUE 124			x	20190401	CB STATION AVIADAC	0,00	104,26			20190725		
BQ	BQ 552	BQ000112	20190401	46700000	CARTE BLEUE			x	20190401	CB STATION AVIADAC	8,40	0,00	AV		20190725		
BQ	BQ 552	BQ000112	20190401	51200000	BANQUE 124			x	20190401	CB STATION AVIADAC	0,00	8,40			20190725		
OD	OPERATIONS DIVERSES	OD 000012	20190401	46700000	CARTE BLEUE			x	20190401	Diff�rence lettrage	0,01	0,00	AV		20190725		
OD	OPERATIONS DIVERSES	OD 000012	20190401	75800000	PRODUITS DIVERS DE GESTION			x	20190401	Diff�rence lettrage	0,00	0,01			20190725		
ACH	ACHATS	ACH000172	20190403	62560000	MISSIONS			x	20190403	STATION LUNCH	12,90	0,00			20190725		
ACH	ACHATS	ACH000172	20190403	46700000	CARTE BLEUE			x	20190403	STATION LUNCH	0,00	12,90			20190725		
ACH	ACHATS	ACH000173	20190403	62570000	RECEPTIONS			x	20190403	HOTEL RESTAURANT LOGISTIX	95,80	0,00			20190725		
ACH	ACHATS	ACH000173	20190403	46700000	CARTE BLEUE			x	20190403	HOTEL RESTAURANT LOGISTIX	0,00	95,80			20190725		
ACH	ACHATS	ACH000174	20190403	60610100	GAZOIL			x	20190403	GAZOIL	100,00	0,00			20190725		
ACH	ACHATS	ACH000174	20190403	44566000	TVA SUR AUTRES BIEN ET SERVICE			x	20190403	GAZOIL	20,02	0,00			20190725		
ACH	ACHATS	ACH000174	20190403	46700000	CARTE BLEUE			x	20190403	GAZOIL	0,00	120,02	AW		20190725		
BQ	BQ 552	BQ000113	20190403	46700000	CARTE BLEUE			x	20190403	AGIX	120,02	0,00	AW		20190725		
BQ	BQ 552	BQ000113	20190403	51200000	BANQUE 124			x	20190403	AGIX	0,00	120,02			20190725		
BQ	BQ 552	BQ000113	20190403	46700000	CARTE BLEUE			x	20190403	AGIX	12,69	0,00			20190725		
BQ	BQ 552	BQ000113	20190403	51200000	BANQUE 124			x	20190403	AGIX	0,00	12,69			20190725		
BQ	BQ 552	BQ000113	20190403	62560000	MISSIONS			x	20190403	LE 42 CUISINE	95,80	0,00			20190725		
BQ	BQ 552	BQ000113	20190403	51200000	BANQUE 124			x	20190403	LE 42 CUISINE	0,00	95,80			20190725		
ACH	ACHATS	ACH000175	20190404	62560000	MISSIONS			x	20190404	ITALY HOUSE	23,80	0,00			20190725		
ACH	ACHATS	ACH000175	20190404	46700000	CARTE BLEUE			x	20190404	ITALY HOUSE	0,00	23,80			20190725		
BQ	BQ 552	BQ000113	20190404	62560000	MISSIONS			x	20190404	ITALY HOUSE	23,80	0,00			20190725		
BQ	BQ 552	BQ000113	20190404	51200000	BANQUE 124			x	20190404	ITALY HOUSE	0,00	23,80			20190725		
BQ	BQ 552	BQ000114	20190405	62700000	SERVICES BANCAIRE ET ASSIMILES			x	20190405	ARRETE CPTE	81,79	0,00			20190725		
BQ	BQ 552	BQ000114	20190405	51200000	BANQUE 124			x	20190405	ARRETE CPTE	0,00	81,79			20190725		
ACH	ACHATS	ACH000176	20190408	60610100	GAZOIL			x	20190408	GAZOIL	96,79	0,00			20190725		
ACH	ACHATS	ACH000176	20190408	44566000	TVA SUR AUTRES BIEN ET SERVICE			x	20190408	GAZOIL	19,36	0,00			20190725		
ACH	ACHATS	ACH000176	20190408	46700000	CARTE BLEUE			x	20190408	GAZOIL	0,00	116,15	AF		20190725		
ACH	ACHATS	ACH000177	20190408	62570000	RECEPTIONS			x	20190408	GRAND HOTEL DE LA POSTE VIENNE	171,80	0,00			20190725		
ACH	ACHATS	ACH000177	20190408	46700000	CARTE BLEUE			x	20190408	GRAND HOTEL DE LA POSTE VIENNE	0,00	171,80			20190725		
ACH	ACHATS	ACH000178	20190408	62560000	MISSIONS			x	20190408	OX CASH	9,86	0,00			20190725		
ACH	ACHATS	ACH000178	20190408	46700000	CARTE BLEUE			x	20190408	OX CASH	0,00	9,86			20190725		
BQ	BQ 552	BQ000115	20190408	46710000	NDF A REMBOURSER			x	20190408	Thomas 432 remboursement fra	153,11	0,00	AA		20190725		
BQ	BQ 552	BQ000115	20190408	51200000	BANQUE 124			x	20190408	Thomas 432 remboursement fra	0,00	153,11			20190725		
BQ	BQ 552	BQ000113	20190408	46700000	CARTE BLEUE			x	20190408	DAC VILLEUR TON	116,15	0,00	AF		20190725		
BQ	BQ 552	BQ000113	20190408	51200000	BANQUE 124			x	20190408	DAC VILLEUR TON	0,00	116,15			20190725		
BQ	BQ 552	BQ000113	20190408	62510000	VOYAGES ET DEPLACEMENT			x	20190408	LEGRANDPOSTE VIENNE	171,80	0,00			20190725		
BQ	BQ 552	BQ000113	20190408	51200000	BANQUE 124			x	20190408	LEGRANDPOSTE VIENNE	0,00	171,80			20190725		
BQ	BQ 552	BQ000113	20190408	62560000	MISSIONS			x	20190408	LE BISTROT 777	9,86	0,00			20190725		
BQ	BQ 552	BQ000113	20190408	51200000	BANQUE 124			x	20190408	LE BISTROT 777	0,00	9,86			20190725		
OD	OPERATIONS DIVERSES	OD 000013	20190408	46710000	NDF A REMBOURSER			x	20190408	ERREUR PAIEM	102,75	0,00	AA		20190725		
OD	OPERATIONS DIVERSES	OD 000013	20190408	62510000	VOYAGES ET DEPLACEMENT			x	20190408	ERREUR PAIEM	0,00	102,75			20190725		
ACH	ACHATS	ACH000179	20190409	62570000	RECEPTIONS			x	20190409	HOME GOTTART	13,00	0,00			20190725		
ACH	ACHATS	ACH000179	20190409	46700000	CARTE BLEUE			x	20190409	HOME GOTTART	0,00	13,00	AG		20190725		
BQ	BQ 552	BQ000116	20190409	62700000	SERVICES BANCAIRE ET ASSIMILES			x	20190409	cotis cyberplus	12,00	0,00			20190725		
BQ	BQ 552	BQ000116	20190409	51200000	BANQUE 124			x	20190409	cotis cyberplus	0,00	12,00			20190725		
BQ	BQ 552	BQ000113	20190409	46700000	CARTE BLEUE			x	20190409	HOME GOTTART	13,00	0,00	AG		20190725		
BQ	BQ 552	BQ000113	20190409	51200000	BANQUE 124			x	20190409	HOME GOTTART	0,00	13,00			20190725		
BQ	BQ 552	BQ000113	20190409	46700000	CARTE BLEUE			x	20190409	VALLON LION	219,30	0,00	AG		20190725		
BQ	BQ 552	BQ000113	20190409	51200000	BANQUE 124			x	20190409	VALLON LION	0,00	219,30			20190725		
ACH	ACHATS	ACH000180	20190410	62570000	RECEPTIONS			x	20190410	HOTEL VALLEE 12	219,30	0,00			20190725		
ACH	ACHATS	ACH000180	20190410	46700000	CARTE BLEUE			x	20190410	HOTEL VALLEE 12	0,00	219,30	AG		20190725		
ACH	ACHATS	ACH000181	20190410	62560000	MISSIONS			x	20190410	SARL C2P LE POINT PARENTS	24,60	0,00			20190725		
ACH	ACHATS	ACH000181	20190410	46700000	CARTE BLEUE			x	20190410	SARL C2P LE POINT PARENTS	0,00	24,60			20190725		
BQ	BQ 552	BQ000113	20190410	62560000	MISSIONS			x	20190410	BOULANGERIE C2P	24,60	0,00			20190725		
BQ	BQ 552	BQ000113	20190410	51200000	BANQUE 124			x	20190410	BOULANGERIE C2P	0,00	24,60			20190725		
BQ	BQ 552	BQ000117	20190411	61610000	ASSURANCES			x	20190411	prlv sepa maaf assurances	184,00	0,00			20190725		
BQ	BQ 552	BQ000117	20190411	51200000	BANQUE 124			x	20190411	prlv sepa maaf assurances	0,00	184,00			20190725		
ACH	ACHATS	ACH000182	20190415	62570000	RECEPTIONS			x	20190415	HOTEL OLIVEOIL	70,65	0,00			20190725		
ACH	ACHATS	ACH000182	20190415	46700000	CARTE BLEUE			x	20190415	HOTEL OLIVEOIL	0,00	70,65	AX		20190725		
BQ	BQ 552	BQ000113	20190415	46700000	CARTE BLEUE			x	20190415	B. COM	69,00	0,00	AX		20190725		
BQ	BQ 552	BQ000113	20190415	51200000	BANQUE 124			x	20190415	B. COM	0,00	69,00			20190725		
ACH	ACHATS	ACH000183	20190416	62560000	MISSIONS			x	20190416	LUNCH RELAIS DE MOUTARDE	16,50	0,00			20190725		
ACH	ACHATS	ACH000183	20190416	46700000	CARTE BLEUE			x	20190416	LUNCH RELAIS DE MOUTARDE	0,00	16,50	AI		20190725		
ACH	ACHATS	ACH000184	20190416	60610100	GAZOIL			x	20190416	GAZOIL	86,04	0,00			20190725		
ACH	ACHATS	ACH000184	20190416	44566000	TVA SUR AUTRES BIEN ET SERVICE			x	20190416	GAZOIL	17,21	0,00			20190725		
ACH	ACHATS	ACH000184	20190416	46700000	CARTE BLEUE			x	20190416	GAZOIL	0,00	103,25	AH		20190725		
BQ	BQ 552	BQ000113	20190416	46700000	CARTE BLEUE			x	20190416	OLIVEOIL RESID	1,65	0,00	AX		20190725		
BQ	BQ 552	BQ000113	20190416	51200000	BANQUE 124			x	20190416	OLIVEOIL RESID	0,00	1,65			20190725		
BQ	BQ 552	BQ000113	20190416	46700000	CARTE BLEUE			x	20190416	RELAIS BRO513	103,25	0,00	AH		20190725		
BQ	BQ 552	BQ000113	20190416	51200000	BANQUE 124			x	20190416	RELAIS BRO513	0,00	103,25			20190725		
BQ	BQ 552	BQ000113	20190416	46700000	CARTE BLEUE			x	20190416	RELAIS BRO513	16,50	0,00	AI		20190725		
BQ	BQ 552	BQ000113	20190416	51200000	BANQUE 124			x	20190416	RELAIS BRO513	0,00	16,50			20190725		
ACH	ACHATS	ACH000185	20190417	64520000	MUTUELLES			x	20190417	GENERALS CHARGES SOCIALES 4T	209,59	0,00			20190725		
ACH	ACHATS	ACH000185	20190417	43700000	AUTRES ORGANISMES SOCIAUX			x	20190417	GENERALS CHARGES SOCIALES 4T	0,00	209,59			20190725		
ACH	ACHATS	ACH000186	20190417	62560000	MISSIONS			x	20190417	LITL	6,22	0,00			20190725		
ACH	ACHATS	ACH000186	20190417	46700000	CARTE BLEUE			x	20190417	LITL	0,00	6,22			20190725		
ACH	ACHATS	ACH000187	20190417	62570000	RECEPTIONS			x	20190417	HOTEL PLEXUS	150,00	0,00			20190725		
ACH	ACHATS	ACH000187	20190417	46700000	CARTE BLEUE			x	20190417	HOTEL PLEXUS	0,00	150,00			20190725		
BQ	BQ 552	BQ000118	20190417	43100000	SECURITE SOCIAL			x	20190417	prlv sepa BEARAF	2565,00	0,00	AE		20190725		
BQ	BQ 552	BQ000118	20190417	51200000	BANQUE 124			x	20190417	prlv sepa BEARAF	0,00	2565,00			20190725		
BQ	BQ 552	BQ000113	20190417	62560000	MISSIONS			x	20190417	LITL	6,22	0,00			20190725		
BQ	BQ 552	BQ000113	20190417	51200000	BANQUE 124			x	20190417	LITL	0,00	6,22			20190725		
BQ	BQ 552	BQ000113	20190417	62510000	VOYAGES ET DEPLACEMENT			x	20190417	665 GRAND HOTEL	150,00	0,00			20190725		
BQ	BQ 552	BQ000113	20190417	51200000	BANQUE 124			x	20190417	665 GRAND HOTEL	0,00	150,00			20190725		
OD	OPERATIONS DIVERSES	OD 000014	20190417	43100000	SECURITE SOCIAL			x	20190417	Diff�rence lettrage	0,00	0,13	AE		20190725		
OD	OPERATIONS DIVERSES	OD 000014	20190417	64510000	COTISATIONS URSAAF			x	20190417	Diff�rence lettrage	0,13	0,00			20190725		
ACH	ACHATS	ACH000188	20190418	62560000	MISSIONS			x	20190418	LA GUING331	29,30	0,00			20190725		
ACH	ACHATS	ACH000188	20190418	46700000	CARTE BLEUE			x	20190418	LA GUING331	0,00	29,30			20190725		
ACH	ACHATS	ACH000189	20190418	62560000	MISSIONS			x	20190418	THE KING	15,90	0,00			20190725		
ACH	ACHATS	ACH000189	20190418	46700000	CARTE BLEUE			x	20190418	THE KING	0,00	15,90			20190725		
ACH	ACHATS	ACH000190	20190418	60610100	GAZOIL			x	20190418	GAZOIL	83,33	0,00			20190725		
ACH	ACHATS	ACH000190	20190418	44566000	TVA SUR AUTRES BIEN ET SERVICE			x	20190418	GAZOIL	16,67	0,00			20190725		
ACH	ACHATS	ACH000190	20190418	46700000	CARTE BLEUE			x	20190418	GAZOIL	0,00	100,00	AJ		20190725		
BQ	BQ 552	BQ000113	20190418	62560000	MISSIONS			x	20190418	THE KING	15,90	0,00			20190725		
BQ	BQ 552	BQ000113	20190418	51200000	BANQUE 124			x	20190418	THE KING	0,00	15,90			20190725		
BQ	BQ 552	BQ000113	20190418	62560000	MISSIONS			x	20190418	LA GUING331	29,30	0,00			20190725		
BQ	BQ 552	BQ000113	20190418	51200000	BANQUE 124			x	20190418	LA GUING331	0,00	29,30			20190725		
BQ	BQ 552	BQ000113	20190418	46700000	CARTE BLEUE			x	20190418	RELAIS VENOY	100,00	0,00	AJ		20190725		
BQ	BQ 552	BQ000113	20190418	51200000	BANQUE 124			x	20190418	RELAIS VENOY	0,00	100,00			20190725		
BQ	BQ 552	BQ000119	20190419	43700000	AUTRES ORGANISMES SOCIAUX			x	20190419	prlv sepa generals	213,75	0,00			20190725		
BQ	BQ 552	BQ000119	20190419	51200000	BANQUE 124			x	20190419	prlv sepa generals	0,00	213,75			20190725		
BQ	BQ 552	BQ000120	20190419	43700000	AUTRES ORGANISMES SOCIAUX			x	20190419	prlv sepa generals 4t	209,59	0,00			20190725		
BQ	BQ 552	BQ000120	20190419	51200000	BANQUE 124			x	20190419	prlv sepa generals 4t	0,00	209,59			20190725		
BQ	BQ 552	BQ000113	20190419	61320000	LOCATIONS PARTNER01			x	20190419	PARTNER01	64,50	0,00			20190725		
BQ	BQ 552	BQ000113	20190419	51200000	BANQUE 124			x	20190419	PARTNER01	0,00	77,40			20190725		
BQ	BQ 552	BQ000113	20190419	44566000	TVA SUR AUTRES BIEN ET SERVICE			x	20190419	PARTNER01	12,90	0,00			20190725		
BQ	BQ 552	BQ000121	20190419	51200000	BANQUE 124			x	20190419	PARTNER01	77,40	0,00			20190430		
BQ	BQ 552	BQ000121	20190419	51200000	BANQUE 124			x	20190419	PARTNER01	0,00	64,50			20190430		
BQ	BQ 552	BQ000121	20190419	51200000	BANQUE 124			x	20190419	PARTNER01	0,00	12,90			20190430		
ACH	ACHATS	ACH000191	20190423	62510000	VOYAGES ET DEPLACEMENT			x	20190423	ULYX AUTOROUTE	190,10	0,00			20190725		
ACH	ACHATS	ACH000191	20190423	46700000	CARTE BLEUE			x	20190423	ULYX AUTOROUTE	0,00	190,10			20190725		
ACH	ACHATS	ACH000192	20190424	62510000	VOYAGES ET DEPLACEMENT			x	20190424	BILLET D'AVION	213,41	0,00			20190725		
ACH	ACHATS	ACH000192	20190424	46700000	CARTE BLEUE			x	20190424	BILLET D'AVION	0,00	213,41	AK		20190725		
ACH	ACHATS	ACH000193	20190424	62510000	VOYAGES ET DEPLACEMENT			x	20190424	LOCATION DE VOITURE USACHIEF	479,33	0,00			20190725		
ACH	ACHATS	ACH000193	20190424	44566000	TVA SUR AUTRES BIEN ET SERVICE			x	20190424	LOCATION DE VOITURE USACHIEF	95,86	0,00			20190725		
ACH	ACHATS	ACH000193	20190424	46700000	CARTE BLEUE			x	20190424	LOCATION DE VOITURE USACHIEF	0,00	575,19	AM		20190725		
ACH	ACHATS	ACH000194	20190424	46700000	CARTE BLEUE			x	20190424	CAR RENTAL EINSTEIN	176,45	0,00	AL		20190725		
ACH	ACHATS	ACH000194	20190424	46700000	CARTE BLEUE			x	20190424	CAR RENTAL EINSTEIN	0,00	176,45	AL		20190725		
BQ	BQ 552	BQ000113	20190424	62510000	VOYAGES ET DEPLACEMENT			x	20190424	prlv sepa autoroute	190,10	0,00			20190725		
BQ	BQ 552	BQ000113	20190424	51200000	BANQUE 124			x	20190424	prlv sepa autoroute	0,00	190,10			20190725		
BQ	BQ 552	BQ000113	20190424	46700000	CARTE BLEUE			x	20190424	AIRCOMPANY.COM	213,41	0,00	AK		20190725		
BQ	BQ 552	BQ000113	20190424	51200000	BANQUE 124			x	20190424	AIRCOMPANY.COM	0,00	213,41			20190725		
BQ	BQ 552	BQ000113	20190424	62510000	VOYAGES ET DEPLACEMENT			x	20190424	EINSTEIN FRANCE	176,45	0,00			20190725		
BQ	BQ 552	BQ000113	20190424	51200000	BANQUE 124			x	20190424	EINSTEIN FRANCE	0,00	176,45			20190725		
BQ	BQ 552	BQ000113	20190425	42100000	PERSONNEL REMUNERATION DUES			x	20190425	salaire avril Thomas 432	3785,71	0,00	AH		20190725		
BQ	BQ 552	BQ000113	20190425	51200000	BANQUE 124			x	20190425	salaire avril Thomas 432	0,00	3785,71			20190725		
BQ	BQ 552	BQ000113	20190425	44210000	PLVT A LA SOURCE			x	20190425	pvsi dgfip	412,00	0,00	AB		20190725		
BQ	BQ 552	BQ000113	20190425	51200000	BANQUE 124			x	20190425	pvsi dgfip	0,00	412,00			20190725		
OD	OPERATIONS DIVERSES	OD 000015	20190425	44210000	PLVT A LA SOURCE			x	20190425	Diff�rence lettrage	0,32	0,00	AB		20190725		
OD	OPERATIONS DIVERSES	OD 000015	20190425	75800000	PRODUITS DIVERS DE GESTION			x	20190425	Diff�rence lettrage	0,00	0,32			20190725		
BQ	BQ 552	BQ000113	20190426	43700000	AUTRES ORGANISMES SOCIAUX			x	20190426	prlv sepa alienis	2347,71	0,00			20190725		
BQ	BQ 552	BQ000113	20190426	51200000	BANQUE 124			x	20190426	prlv sepa alienis	0,00	2347,71			20190725		
BQ	BQ 552	BQ000113	20190426	46700000	CARTE BLEUE			x	20190426	TIRES 531	575,19	0,00	AM		20190725		
BQ	BQ 552	BQ000113	20190426	51200000	BANQUE 124			x	20190426	TIRES 531	0,00	575,19			20190725		
SA	SALAIRES	SA000009	20190428	64110000	SALAIRES APOINTEMENTS			x	20190428	SALAIRE 0419	5602,46	0,00			20190725		
SA	SALAIRES	SA000009	20190428	64510000	COTISATIONS URSAAF			x	20190428	COTISATION BEARAF 0419	1763,65	0,00			20190725		
SA	SALAIRES	SA000009	20190428	64530000	CAISSE DE RETRAITES			x	20190428	RETRAITE 0419	540,98	0,00			20190725		
SA	SALAIRES	SA000009	20190428	64550000	PREVOYANCES			x	20190428	PREVOYANCE 0419	72,80	0,00			20190725		
SA	SALAIRES	SA000009	20190428	64520000	MUTUELLES			x	20190428	MUTUELLES	35,63	0,00			20190725		
SA	SALAIRES	SA000009	20190428	43100000	SECURITE SOCIAL			x	20190428	BEARAF 0419	0,00	2563,51			20190725		
SA	SALAIRES	SA000009	20190428	43700000	AUTRES ORGANISMES SOCIAUX			x	20190428	HUMANIS AGIRC/ARRCO 0419	0,00	901,90			20190725		
SA	SALAIRES	SA000009	20190428	43700000	AUTRES ORGANISMES SOCIAUX			x	20190428	CALVIN PREVOYANCE 0419	0,00	94,94			20190725		
SA	SALAIRES	SA000009	20190428	43700000	AUTRES ORGANISMES SOCIAUX			x	20190428	MUTUELLES 0419	0,00	71,26			20190725		
SA	SALAIRES	SA000009	20190428	42100000	PERSONNEL REMUNERATION DUES			x	20190428	REMUNERATION DUES 0419	0,00	3785,71	AH		20190725		
SA	SALAIRES	SA000009	20190428	79100000	TRANSFERT DE CHARGES			x	20190428	AVANTAGE EN NATURE 0419	0,00	185,79			20190725		
SA	SALAIRES	SA000009	20190428	44210000	PLVT A LA SOURCE			x	20190428	PAS 0419	0,00	412,41			20190725		
OD	OPERATIONS DIVERSES	OD 000016	20190430	68112000	DAP AUX AMORTISSEMENTS CORP.			x	20190430	DAP au 30/04/2019	1922,00	0,00			20190725		
OD	OPERATIONS DIVERSES	OD 000016	20190430	28182000	AMTS MATERIEL DE TRANSPORT			x	20190430	DAP au 30/04/2019	0,00	1922,00			20190725		
OD	OPERATIONS DIVERSES	OD 000017	20190430	44566000	TVA SUR AUTRES BIEN ET SERVICE			x	20190430	CA3 AVRIL 19	0,00	218,00			20190725		
OD	OPERATIONS DIVERSES	OD 000017	20190430	44567000	CREDIT DE TVA			x	20190430	CA3 AVRIL 19	218,00	0,00			20190725		
VT	VENTES	VT000001	20190430	41100000	CLIENTS	01000000	CLIENTS DIVERS	x	20190430	MEGA PIPE INDUSTRIE	21300,00	0,00			20190725		
VT	VENTES	VT000001	20190430	44570000	TVA COLLECTEE 20%			x	20190430	MEGA PIPE INDUSTRIE	0,00	3550,00			20190725		
VT	VENTES	VT000001	20190430	70700000	VENTES			x	20190430	MEGA PIPE INDUSTRIE	0,00	17750,00			20190725		
